=LDR  02117nkm a2200409 a 4500
=001  101997
=008  021120i18791909it\\\\\\\\\\\\\\\0knund\\
=037  \\$aAAR.13$bAAR$cGlass plate : b/w ; 13 x 18 cm.
=037  \\$aAAR.13$bAAR$cAcetate film : b/w ; 6 x 7 cm. -- Duplicate
=039  \\$a10945280
=040  \\$aItRAAR
=035  \\$a(OCoLC)78101696
=245  00$a[Villa Aurelia (Rome, Italy) in the time of Clara Jessup Heyland, south façade seen from garden]$h[graphic]
=260  \\$c[between 1879 and 1909]
=300  \\$a1 photographic print :$bblack/white ;$c21 x 26 cm.
=500  \\$aPart of: American Academy in Rome Buildings Collection.
=500  \\$aThe building was called at time Casino Farnese.
=500  \\$aMrs. Heyland bought the Villa Savorelli in 1879 and occupied it, with her husband, until her death in 1909, renaming it Villa Aurelia. She bequeathed the Villa to the American Academy in Rome.
=540  \\$aPublication restricted (AAR copyright)$uhttp://photoarchive.aarome.org/index/rights.html
=506  \\$aClosed access material (Archive)$uhttp://photoarchive.aarome.org/index/use.html
=610  20$aVilla Aurelia (Rome, Italy)$911524480
=610  20$aAmerican Academy in Rome$xBuildings
=610  20$aCasino Farnese (Rome, Italy)$xHistory.
=650  \0$aArchitecture$y17th century$zItaly$zRome
=650  \0$aLandscape gardening.$912394275
=651  \0$aJaniculum (Italy)$912401628
=651  \0$aRome (Italy)$xBuildings, structures, etc.$y20th century
=655  \7$aPhotographic prints$y1880-1910.$2gmgpc
=662  \\$aItaly$bLazio$dRome$2tgn
=655  \7$aPhotographic prints$y1910-1920.$2gmgpc
=710  2\$aAmerican Academy in Rome$912378923
=856  41$zAAR Photographic Archive Digital Collection$uhttp://photoarchive.aarome.org/index/index/tsk/mass
=907  \\$a.b12907704$b10-04-13$c30-01-07
=942  \\$cVMPHOTO$00
=998  \\$aa$b29-01-07$cm$dk$e-$fund$git $h0$i1
=999  \\$c101997$d101997
=952  \\$00$10$2gen$40$6AARBPROMEVAURELIA15$70$9101963$aAAROME$bAAROME$cphoto$d2007-02-01$g0.00$oAAR.BP.Rome.VAurelia.15$p0101963$r2013-08-12$v0.00$w2013-08-12$yVMPHOTO

