=LDR  01574nkm a2200289 a 4500
=001  102028
=008  021121i18791909it\\\\\\\\\\\\\\\0knund\\
=037  \\$aAAR.17$bAAR$cGlass plate : b/w ; 13 x 18 cm. -- Badly damaged
=037  \\$aAAR.17$bAAR$cAcetate film : b/w ; 6 x 7 cm. -- Duplicate
=039  \\$a10945419
=040  \\$aItRAAR
=035  \\$a(OCoLC)79610035
=245  00$a[Villa Aurelia (Rome, Italy) in the time of Clara Jessup Heyland, main hall]$h[graphic]
=260  \\$c[between 1879 and 1909]
=300  \\$a1 photographic print :$bblack/white ;$c21 x 26 cm.
=500  00$aPart of: American Academy in Rome Buildings Collection.
=500  \\$aMrs. Heyland bought the Villa Savorelli in 1879 and occupied it, with her husband, until her death in 1909, renaming it Villa Aurelia. She bequeathed the Villa to the American Academy in Rome.
=540  \\$aPublication restricted (AAR copyright)$uhttp://photoarchive.aarome.org/index/rights.html
=506  \\$aClosed access material (Archive)$uhttp://photoarchive.aarome.org/index/use.html
=610  20$aVilla Aurelia (Rome, Italy)$911524480
=610  20$aAmerican Academy in Rome$xBuildings
=856  41$zAAR Photographic Archive Digital Collection$uhttp://photoarchive.aarome.org/index/index/tsk/mass
=907  \\$a.b12908848$b14-02-13$c30-01-07
=942  \\$cVMPHOTO$00
=998  \\$aa$b29-01-07$cm$dk$e-$fund$git $h0$i1
=999  \\$c102028$d102028
=952  \\$00$10$2gen$40$6AARBPROMEVAURELIA23$70$9101994$aAAROME$bAAROME$cphoto$d2007-02-01$g0.00$oAAR.BP.Rome.VAurelia.23$p0101994$r2013-08-12$v0.00$w2013-08-12$yVMPHOTO

