=LDR  01974nkm a2200385 a 4500
=001  102058
=008  021127i18791909it\\\\\\\\\\\\\\\0knund\\
=039  \\$a10946130
=040  \\$aItRAAR
=035  \\$a(OCoLC)82853138
=245  00$a[Villa Aurelia (Rome, Italy) in the time of Clara Jessup Heyland, drawing room]$h[graphic]
=260  \\$c[between 1879 and 1909]
=300  \\$a1 photographic print :$bblack/white ;$c20 x 26 cm.
=500  \\$aPart of: American Academy in Rome Buildings Collection.
=500  \\$aMrs. Heyland bought the Villa Savorelli in 1879 and occupied it, with her husband, until her death in 1909, renaming it Villa Aurelia. She bequeathed the Villa to the American Academy in Rome.
=500  \\$aTitle derived from the handwritten caption.
=500  \\$aThe building was called at time Casino Farnese.
=540  \\$aPublication restricted (AAR copyright)$uhttp://photoarchive.aarome.org/index/rights.html
=506  \\$aClosed access material (Archive)$uhttp://photoarchive.aarome.org/index/use.html
=610  20$aVilla Aurelia (Rome, Italy)$911524480
=610  20$aAmerican Academy in Rome$xBuildings
=610  20$aCasino Farnese (Rome, Italy)$xHistory.
=650  \0$aArchitecture$y17th century$zItaly$zRome
=650  \0$aLandscape gardening.$912394275
=651  \0$aJaniculum (Italy)$912401628
=651  \0$aRome (Italy)$xBuildings, structures, etc.$y20th century
=655  \7$aPhotographic prints$y1880-1910.$2gmgpc
=662  \\$aItaly$bLazio$dRome$2tgn
=710  2\$aAmerican Academy in Rome$912378923
=856  41$zAAR Photographic Archive Digital Collection$uhttp://photoarchive.aarome.org/index/index/tsk/mass
=907  \\$a.b12914277$b10-04-13$c30-01-07
=942  \\$cVMPHOTO$00
=998  \\$aa$b29-01-07$cm$dk$e-$fund$git $h0$i1
=999  \\$c102058$d102058
=952  \\$00$10$2gen$40$6AARBPROMEVAURELIA26VP$70$9102024$aAAROME$bAAROME$cphoto$d2007-02-01$g0.00$oAAR.BP.Rome.VAurelia.26VP$p0102024$r2013-08-12$v0.00$w2013-08-12$yVMPHOTO

