=LDR  01765nkm a2200385 a 4500
=001  102065
=008  021129q1973\\\\it\\\\\\\\\\\\\\\0knund\\
=039  \\$a10946473
=040  \\$aItRAAR
=035  \\$a(OCoLC)84937422
=110  2\$aDe Antonis (Firm : Rome, Italy)$912641367
=245  10$a[Villa Aurelia (Rome, Italy), North façade]$h[graphic]
=260  \\$c[1973]
=300  \\$a1 photographic print :$bblack/white ;$c26 x 21 cm.
=500  \\$aPart of: American Academy in Rome Buildings Collection.
=500  \\$aStamped on verso: Foto De Antonis, Roma.
=518  \\$aProbably taken just before the restauration in 1973.
=540  \\$aPublication restricted (AAR copyright)$uhttp://photoarchive.aarome.org/index/rights.html
=506  \\$aClosed access material (Archive)$uhttp://photoarchive.aarome.org/index/use.html
=610  20$aVilla Aurelia (Rome, Italy)$911524480
=610  20$aAmerican Academy in Rome$xBuildings
=610  20$aCasino Farnese (Rome, Italy)$xHistory.
=650  \0$aArchitecture$y17th century$zItaly$zRome
=650  \0$aLandscape gardening.$912394275
=651  \0$aJaniculum (Italy)$912401628
=651  \0$aRome (Italy)$xBuildings, structures, etc.$912405938
=655  \7$aPhotographic prints$y1970-1980.$2gmgpc
=662  \\$aItaly$bLazio$dRome$2tgn
=710  2\$aAmerican Academy in Rome$912378923
=856  41$zAAR Photographic Archive Digital Collection$uhttp://photoarchive.aarome.org/index/index/tsk/mass
=907  \\$a.b12916444$b10-04-13$c30-01-07
=942  \\$cVMPHOTO$00
=998  \\$aa$b29-01-07$cm$dk$e-$fund$git $h0$i1
=999  \\$c102065$d102065
=952  \\$00$10$2gen$40$6AARBPROMEVAURELIA58$70$9102031$aAAROME$bAAROME$cphoto$d2007-02-01$g0.00$oAAR.BP.Rome.VAurelia.58$p0102031$r2013-08-12$v0.00$w2013-08-12$yVMPHOTO

