=LDR  01274nkm a2200253 a 4500
=001  102067
=008  021129n\\\\\\\\it\\\\\\\\\\\\\\\0knund\\
=037  \\$aAAR.1709$bAAR$cGlass negative : b/w ; 24 x 30 cm.
=037  \\$aAAR.1709$bAAR$cAcetate film : b/w ; 6 x 7 cm. -- Duplicate
=039  \\$a10946483
=040  \\$aItRAAR
=245  00$a[Villa Aurelia (Rome, Italy), façade with main entrance on garden]$h[graphic]
=300  \\$a1 photographic print :$bblack/white ;$c17 x 24 cm.
=500  \\$aPart of: American Academy in Rome Buildings Collection.
=540  \\$aPublication restricted (AAR copyright)$uhttp://photoarchive.aarome.org/index/rights.html
=506  \\$aClosed access material (Archive)$uhttp://photoarchive.aarome.org/index/use.html
=610  20$aAmerican Academy in Rome$xBuildings
=610  20$aVilla Aurelia (Rome, Italy)$911524480
=856  41$zAAR Photographic Archive Digital Collection$uhttp://photoarchive.aarome.org/index/index/tsk/mass
=907  \\$a.b1291650x$b14-02-13$c30-01-07
=942  \\$cVMPHOTO$00
=998  \\$aa$b29-01-07$cm$dk$e-$fund$git $h0$i1
=999  \\$c102067$d102067
=952  \\$00$10$2gen$40$6AARBPROMEVAURELIA46$70$9102033$aAAROME$bAAROME$cphoto$d2007-02-01$g0.00$oAAR.BP.Rome.VAurelia.46$p0102033$r2013-08-12$v0.00$w2013-08-12$yVMPHOTO

