=LDR  01372nkm a2200277 a 4500
=001  102081
=008  021203n\\\\\\\\it\\\\\\\\\\\\\\\0knund\\
=039  \\$a10946960
=040  \\$aItRAAR
=245  00$a[Villa Mirafiori (Rome, Italy), interior, drawing room]$h[graphic]
=300  \\$a1 photographic print :$bblack/white ;$c19 x 25 cm.
=500  \\$aPart of: American Academy in Rome Buildings Collection.
=500  \\$aVilla Mirafiori housed the American Academy in Rome from 1904 to 1914.
=540  \\$aPublication restricted (AAR copyright)$uhttp://photoarchive.aarome.org/index/rights.html
=506  \\$aClosed access material (Archive)$uhttp://photoarchive.aarome.org/index/use.html
=610  20$aAmerican Academy in Rome$xBuildings
=655  \7$aPhotographic prints$y1900-1910.$2gmgpc
=662  \\$aItaly$bLazio$dRome$2tgn
=710  2\$aAmerican Academy in Rome$912378923
=852  \\$aAmerican Academy in Rome$bPhotographic Archive$eRome, ITALY
=856  41$zAAR Photographic Archive Digital Collection$uhttp://photoarchive.aarome.org/index/index/tsk/mass
=907  \\$a.b12919330$b14-02-13$c30-01-07
=942  \\$cVMPHOTO$00
=998  \\$aa$b29-01-07$cm$dk$e-$fund$git $h0$i1
=999  \\$c102081$d102081
=952  \\$00$10$2gen$40$6AARBPROMEVMI10VP$70$9102047$aAAROME$bAAROME$cphoto$d2007-02-01$g0.00$oAAR.BP.Rome.VMi.10(VP)$p0102047$r2013-08-12$v0.00$w2013-08-12$yVMPHOTO

