=LDR  01144nkm a2200241 a 4500
=001  102084
=008  021203n\\\\\\\\it\\\\\\\\\\\\\\\0knund\\
=039  \\$a10946984
=040  \\$aItRAAR
=035  \\$a(OCoLC)84427950
=245  00$a[Villa Aurelia (Rome, Italy), entrance arcade]$h[graphic]
=300  \\$a1 photographic print :$bblack/white ;$c17 x 11 cm.
=500  00$aPart of: American Academy in Rome Buildings Collection.
=540  \\$aPublication restricted (AAR copyright)$uhttp://photoarchive.aarome.org/index/rights.html
=506  \\$aClosed access material (Archive)$uhttp://photoarchive.aarome.org/index/use.html
=610  20$aAmerican Academy in Rome$xBuildings
=610  20$aVilla Aurelia (Rome, Italy)$911524480
=856  41$zAAR Photographic Archive Digital Collection$uhttp://photoarchive.aarome.org/index/index/tsk/mass
=907  \\$a.b12919470$b14-02-13$c30-01-07
=942  \\$cVMPHOTO$00
=998  \\$aa$b29-01-07$cm$dk$e-$fund$git $h0$i1
=999  \\$c102084$d102084
=952  \\$00$10$2gen$40$6AARBPROMEVAURELIA38$70$9102050$aAAROME$bAAROME$cphoto$d2007-02-01$g0.00$oAAR.BP.Rome.VAurelia.38$p0102050$r2013-08-12$v0.00$w2013-08-12$yVMPHOTO

