=LDR  01695nkm a2200361 a 4500
=001  102085
=008  021203n\\\\\\\\it\\\\\\\\\\\\\\\0knund\\
=037  \\$aAAR.1574$bAAR$cAcetate film : b/w ; 6 x 7 cm. -- Duplicate
=039  \\$a10946988
=040  \\$aItRAAR
=035  \\$a(OCoLC)80291339
=245  00$a[Villa Aurelia (Rome, Italy), the villino]$h[graphic]
=300  \\$a1 photographic print :$bblack/white ;$c18 x 24 cm.
=500  \\$aPart of: American Academy in Rome Buildings Collection.
=500  \\$aThe building was called at time Casino Farnese.
=540  \\$aPublication restricted (AAR copyright)$uhttp://photoarchive.aarome.org/index/rights.html
=506  \\$aClosed access material (Archive)$uhttp://photoarchive.aarome.org/index/use.html
=610  20$aVilla Aurelia (Rome, Italy)$911524480
=610  20$aAmerican Academy in Rome$xBuildings
=610  20$aCasino Farnese (Rome, Italy)$xHistory.
=650  \0$aArchitecture$y17th century$zItaly$zRome
=650  \0$aLandscape gardening.$912394275
=651  \0$aJaniculum (Italy)$912401628
=651  \0$aRome (Italy)$xBuildings, structures, etc.$912405938
=655  \7$aPhotographic prints$y1950-1960.$2gmgpc
=662  \\$aItaly$bLazio$dRome$2tgn
=710  2\$aAmerican Academy in Rome$912378923
=856  41$zAAR Photographic Archive Digital Collection$uhttp://photoarchive.aarome.org/index/index/tsk/mass
=907  \\$a.b12919500$b10-04-13$c30-01-07
=942  \\$cVMPHOTO$00
=998  \\$aa$b29-01-07$cm$dk$e-$fund$git $h0$i1
=999  \\$c102085$d102085
=952  \\$00$10$2gen$40$6AARBPROMEVAURELIA52$70$9102051$aAAROME$bAAROME$cphoto$d2007-02-01$g0.00$oAAR.BP.Rome.VAurelia.52$p0102051$r2013-08-12$v0.00$w2013-08-12$yVMPHOTO

