=LDR  01273nkm a2200253 a 4500
=001  102086
=008  021203n\\\\\\\\it\\\\\\\\\\\\\\\0knund\\
=037  \\$aAAR.1705$bAAR$cGlass negative : b/w ; 13 x 18 cm.
=037  \\$aAAR.1705$bAAR$cAcetate film : b/w ; 6 x 7 cm. -- Duplicate
=039  \\$a10946989
=040  \\$aItRAAR
=245  00$a[Villa Aurelia (Rome, Italy), terrace with stariway to the garden]$h[graphic]
=300  \\$a1 photographic print :$bblack/white ;$c24 x 18 cm.
=500  \\$aPart of: American Academy in Rome Buildings Collection.
=540  \\$aPublication restricted (AAR copyright)$uhttp://photoarchive.aarome.org/index/rights.html
=506  \\$aClosed access material (Archive)$uhttp://photoarchive.aarome.org/index/use.html
=610  20$aAmerican Academy in Rome$xBuildings
=610  20$aVilla Aurelia (Rome, Italy)$911524480
=856  41$zAAR Photographic Archive Digital Collection$uhttp://photoarchive.aarome.org/index/index/tsk/mass
=907  \\$a.b12919512$b14-02-13$c30-01-07
=942  \\$cVMPHOTO$00
=998  \\$aa$b29-01-07$cm$dk$e-$fund$git $h0$i1
=999  \\$c102086$d102086
=952  \\$00$10$2gen$40$6AARBPROMEVAURELIA50$70$9102052$aAAROME$bAAROME$cphoto$d2007-02-01$g0.00$oAAR.BP.Rome.VAurelia.50$p0102052$r2013-08-12$v0.00$w2013-08-12$yVMPHOTO

