=LDR  01311nkm a2200277 a 4500
=001  102121
=008  021204n\\\\\\\\it\\\\\\\\\\\\\\\0knund\\
=037  \\$aAAR.969$bAAR$cFilm : b/w ; 9 x 12 cm.
=037  \\$aAAR.969$bAAR$cCellulose nitrate  film : b/w ; 6 x 7 cm. -- Duplicate
=039  \\$a10947216
=040  \\$aItRAAR
=035  \\$a(OCoLC)84960770
=245  00$a[Villa Aurelia (Rome, Italy), alleys in the garden]$h[graphic]
=260  \\$c[S.d.]
=300  \\$a1 photographic print :$bblack/white ;$c18 x 23 cm.
=500  \\$aPart of: American Academy in Rome Buildings Collection.
=540  \\$aPublication restricted (AAR copyright)$uhttp://photoarchive.aarome.org/index/rights.html
=506  \\$aClosed access material (Archive)$uhttp://photoarchive.aarome.org/index/use.html
=610  20$aVilla Aurelia (Rome, Italy)$911524480
=610  20$aAmerican Academy in Rome$xBuildings
=856  41$zAAR Photographic Archive Digital Collection$uhttp://photoarchive.aarome.org/index/index/tsk/mass
=907  \\$a.b12920824$b14-02-13$c30-01-07
=942  \\$cVMPHOTO$00
=998  \\$aa$b29-01-07$cm$dk$e-$fund$git $h0$i1
=999  \\$c102121$d102121
=952  \\$00$10$2gen$40$6AARBPROMEVAURELIA51$70$9102087$aAAROME$bAAROME$cphoto$d2007-02-01$g0.00$oAAR.BP.Rome.VAurelia.51$p0102087$r2013-08-12$v0.00$w2013-08-12$yVMPHOTO

