=LDR  01819nkm a2200361 a 4500
=001  102122
=008  021204s1973\\\\it\\\\\\\\\\\\\\\0knund\\
=039  \\$a10947218
=040  \\$aItRAAR
=035  \\$a(OCoLC)81393837
=245  00$a[Villa Aurelia (Rome, Italy), North façade under repair]$h[graphic]
=260  \\$c1973.
=300  \\$a1 photographic print :$bblack/white ;$c13 x 17 cm.
=500  \\$aPart of: American Academy in Rome Buildings Collection.
=500  \\$aMrs. Heyland bought the Villa Savorelli in 1879 and occupied it, with her husband, until her death in 1909, renaming it Villa Aurelia. She bequeathed the Villa to the American Academy in Rome.
=500  \\$aThe building was called at time Casino Farnese.
=540  \\$aPublication restricted (AAR copyright)$uhttp://photoarchive.aarome.org/index/rights.html
=506  \\$aClosed access material (Archive)$uhttp://photoarchive.aarome.org/index/use.html
=610  20$aVilla Aurelia (Rome, Italy)$911524480
=610  20$aAmerican Academy in Rome$xBuildings
=610  20$aCasino Farnese (Rome, Italy)$xHistory.
=650  \0$aArchitecture$y17th century$zItaly$zRome
=651  \0$aJaniculum (Italy)$912401628
=651  \0$aRome (Italy)$xBuildings, structures, etc.$912405938
=655  \7$aPhotographic prints$y1970-1980.$2gmgpc
=662  \\$aItaly$bLazio$dRome$2tgn
=710  2\$aAmerican Academy in Rome$912378923
=856  41$zAAR Photographic Archive Digital Collection$uhttp://photoarchive.aarome.org/index/index/tsk/mass
=907  \\$a.b12920836$b10-04-13$c30-01-07
=942  \\$cVMPHOTO$00
=998  \\$aa$b29-01-07$cm$dk$e-$fund$git $h0$i1
=999  \\$c102122$d102122
=952  \\$00$10$2gen$40$6AARBPROMEVAURELIA59$70$9102088$aAAROME$bAAROME$cphoto$d2007-02-01$g0.00$oAAR.BP.Rome.VAurelia.59$p0102088$r2013-08-12$v0.00$w2013-08-12$yVMPHOTO

