=LDR  01175nkm a2200253 a 4500
=001  102124
=008  021204s1973\\\\it\\\\\\\\\\\\\\\0knund\\
=039  \\$a10947220
=040  \\$aItRAAR
=035  \\$a(OCoLC)84172488
=245  00$a[Villa Aurelia (Rome, Italy), North wing before repair]$h[graphic]
=260  \\$c1973.
=300  \\$a1 photographic print :$bblack/white ;$c13 x 17 cm.
=500  \\$aPart of: American Academy in Rome Buildings Collection.
=540  \\$aPublication restricted (AAR copyright)$uhttp://photoarchive.aarome.org/index/rights.html
=506  \\$aClosed access material (Archive)$uhttp://photoarchive.aarome.org/index/use.html
=610  20$aVilla Aurelia (Rome, Italy)$911524480
=610  20$aAmerican Academy in Rome$xBuildings
=856  41$zAAR Photographic Archive Digital Collection$uhttp://photoarchive.aarome.org/index/index/tsk/mass
=907  \\$a.b1292085x$b14-02-13$c30-01-07
=942  \\$cVMPHOTO$00
=998  \\$aa$b29-01-07$cm$dk$e-$fund$git $h0$i1
=999  \\$c102124$d102124
=952  \\$00$10$2gen$40$6AARBPROMEVAURELIA62$70$9102090$aAAROME$bAAROME$cphoto$d2007-02-01$g0.00$oAAR.BP.Rome.VAurelia.62$p0102090$r2013-08-12$v0.00$w2013-08-12$yVMPHOTO

