=LDR  01980nkm a2200397 a 4500
=001  102126
=008  021204n\\\\\\\\it\\\\\\\\\\\\\\\0knund\\
=037  \\$aAAR.Buildings.2321$bAAR$cGlass negative : b/w ; 13 x 18 cm.
=037  \\$aAAR.Buildings.2321$bAAR$cAcetate film : b/w ; 6 x 7 cm. -- Duplicate
=039  \\$a10947233
=040  \\$aItRAAR
=035  \\$a(OCoLC)79963905
=245  00$a[Villa Aurelia (Rome, Italy), ancient view of site by De Rossi]$h[graphic]
=246  06$aVeduta del Castello dell'Acqua Paola nel Monte Aureo
=300  \\$a1 photographic print :$bblack/white ;$c24 x 18 cm.
=500  \\$aPart of: American Academy in Rome Buildings Collection.
=500  \\$aThe building was called at time Casino Farnese.
=534  \\$pDrawing$aDe Rossi, Domenico, f. 1693-1720.$tVeduta del Castello dell'Acqua Paola nel Monte Aureo,$c1694
=540  \\$aPublication restricted (AAR copyright)$uhttp://photoarchive.aarome.org/index/rights.html
=506  \\$aClosed access material (Archive)$uhttp://photoarchive.aarome.org/index/use.html
=610  20$aAmerican Academy in Rome$xBuildings
=610  20$aVilla Aurelia (Rome, Italy)$911524480
=610  20$aCasino Farnese (Rome, Italy)$912387160
=650  \0$aLandscape gardening.$912394275
=651  \0$aJaniculum (Italy)$912401628
=651  \0$aRome (Italy)$xBuildings, structures, etc.$y20th century
=655  \7$aPhotographic prints
=662  \\$aItaly$bLazio$dRome$2tgn
=700  1\$aDe Rossi, Domenico,$df. 1693-1720$estampatore
=710  2\$aAmerican Academy in Rome$912378923
=856  41$zAAR Photographic Archive Digital Collection$uhttp://photoarchive.aarome.org/index/index/tsk/mass
=907  \\$a.b12920940$b10-04-13$c30-01-07
=942  \\$cVMPHOTO$00
=998  \\$aa$b29-01-07$cm$dk$e-$fund$git $h0$i1
=999  \\$c102126$d102126
=952  \\$00$10$2gen$40$6AARBPROMEVAURELIA1$70$9102092$aAAROME$bAAROME$cphoto$d2007-02-01$g0.00$oAAR.BP.Rome.VAurelia.1$p0102092$r2013-08-12$v0.00$w2013-08-12$yVMPHOTO

