=LDR  01340nkm a2200265 a 4500
=001  102130
=008  021204n\\\\\\\\it\\\\\\\\\\\\\\\0knund\\
=037  \\$aAAR.Buildings.633$bAAR$cAcetate film : b/w ; 6 x 9 cm. -- Duplicate
=039  \\$a10947264
=040  \\$aItRAAR
=035  \\$a(OCoLC)78808425
=245  00$a[Villa Aurelia (Rome, Italy), drawing of ruined building, after the French bombardment in 1849]$h[graphic]
=300  \\$a1 photographic print :$bblack/white ;$c18 x 24 cm.
=500  00$aPart of: American Academy in Rome Buildings Collection.
=500  \\$aThe building was called at time Villa Savorelli.
=540  \\$aPublication restricted (AAR copyright)$uhttp://photoarchive.aarome.org/index/rights.html
=506  \\$aClosed access material (Archive)$uhttp://photoarchive.aarome.org/index/use.html
=610  20$aAmerican Academy in Rome$xBuildings
=610  20$aVilla Aurelia (Rome, Italy)$911524480
=856  41$zAAR Photographic Archive Digital Collection$uhttp://photoarchive.aarome.org/index/index/tsk/mass
=907  \\$a.b12921142$b14-02-13$c30-01-07
=942  \\$cVMPHOTO$00
=998  \\$aa$b29-01-07$cm$dk$e-$fund$git $h0$i1
=999  \\$c102130$d102130
=952  \\$00$10$2gen$40$6AARBPROMEVAURELIA6$70$9102096$aAAROME$bAAROME$cphoto$d2007-02-01$g0.00$oAAR.BP.Rome.VAurelia.6$p0102096$r2013-08-12$v0.00$w2013-08-12$yVMPHOTO

