=LDR  02139nkm a2200409 a 4500
=001  102131
=008  021204n\\\\\\\\it\\\\\\\\\\\\\\\0knund\\
=037  \\$aAAR.Buildings.2134$bAAR$cGlass negative : b/w ; 24 x 30 cm.
=037  \\$aAAR.Buildings.2134$bAAR$cAcetate film : b/w ; 6 x 7 cm. -- Duplicate
=039  \\$a10947276
=040  \\$aItRAAR
=035  \\$a(OCoLC)83304424
=245  00$a[Villa Aurelia (Rome, Italy), ancient view of site by Vasi]$h[graphic]
=246  16$aCasino del Giardino Farnese sul Monte Gianicolo
=300  \\$a1 photographic print :$bblack/white ;$c18 x 24 cm.
=500  \\$aPart of: American Academy in Rome Buildings Collection.
=500  \\$aFrom 17th to 18th cent., the building was called Casino Farnese.
=500  \\$aMrs. Heyland bought the Villa Savorelli in 1879 and occupied it, with her husband, until her death in 1909, renaming it Villa Aurelia. She bequeathed the Villa to the American Academy in Rome.
=540  \\$aPublication restricted (AAR copyright)$uhttp://photoarchive.aarome.org/index/rights.html
=506  \\$aClosed access material (Archive)$uhttp://photoarchive.aarome.org/index/use.html
=610  20$aVilla Aurelia (Rome, Italy)$911524480
=610  20$aAmerican Academy in Rome$xBuildings
=610  20$aCasino Farnese (Rome, Italy)$xHistory.
=650  \0$aArchitecture$y17th century$zItaly$zRome
=650  \0$aLandscape gardening.$912394275
=651  \0$aJaniculum (Italy)$912401628
=651  \0$aRome (Italy)$xBuildings, structures, etc.$912405938
=655  \7$aPhotographic prints$y1880-1910.$2gmgpc
=662  \\$aItaly$bLazio$dRome$2tgn
=700  1\$aVasi, Giuseppe,$d1710-1782$912382496
=710  2\$aAmerican Academy in Rome$912378923
=856  41$zAAR Photographic Archive Digital Collection$uhttp://photoarchive.aarome.org/index/index/tsk/mass
=907  \\$a.b1292121x$b10-04-13$c30-01-07
=942  \\$cVMPHOTO$00
=998  \\$aa$b29-01-07$cm$dk$e-$fund$git $h0$i1
=999  \\$c102131$d102131
=952  \\$00$10$2gen$40$6AARBPROMEVAURELIA4$70$9102097$aAAROME$bAAROME$cphoto$d2007-02-01$g0.00$oAAR.BP.Rome.VAurelia.4$p0102097$r2013-08-12$v0.00$w2013-08-12$yVMPHOTO

