=LDR  01517nkm a2200337 a 4500
=001  102133
=008  021204s1960\\\\it\\\\\\\\\\\\\\\0knund\\
=039  \\$a10947292
=040  \\$aItRAAR
=035  \\$a(OCoLC)79271120
=245  00$a[Villa Aurelia (Rome, Italy), aerial view]$h[graphic]
=260  \\$c[1960]
=300  \\$a1 photographic print :$bblack/white ;$c20 x 26 cm.
=500  \\$aPart of: American Academy in Rome Buildings Collection.
=540  \\$aPublication restricted (AAR copyright)$uhttp://photoarchive.aarome.org/index/rights.html
=506  \\$aClosed access material (Archive)$uhttp://photoarchive.aarome.org/index/use.html
=610  20$aAmerican Academy in Rome$xBuildings
=610  24$aMcKim, Mead & White.$912382015
=650  \0$aArchitecture$y20th century$zItaly
=651  \0$aJaniculum (Italy)$912401628
=651  \0$aRome (Italy)$xBuildings, structures, etc.$y20th century
=655  \7$aAerial photographs$y1950-1960.$2gmgpc
=655  \7$aPhotographic prints$2gmgpc
=662  \\$aItaly$bLazio$dRome$2tgn
=710  2\$aAmerican Academy in Rome$912378923
=856  41$zAAR Photographic Archive Digital Collection$uhttp://photoarchive.aarome.org/index/index/tsk/mass
=907  \\$a.b12921324$b10-04-13$c30-01-07
=942  \\$cVMPHOTO$00
=998  \\$aa$b29-01-07$cm$dk$e-$fund$git $h0$i1
=999  \\$c102133$d102133
=952  \\$00$10$2gen$40$6AARBPROMESITEAERIALV10$70$9102099$aAAROME$bAAROME$cphoto$d2007-02-01$g0.00$oAAR.BP.Rome.Site.AerialV.10$p0102099$r2013-08-12$v0.00$w2013-08-12$yVMPHOTO

