=LDR  01170nkm a2200253 a 4500
=001  102134
=008  021204s1960\\\\it\\\\\\\\\\\\\\\0knund\\
=039  \\$a10947293
=040  \\$aItRAAR
=035  \\$a(OCoLC)79271120
=245  00$a[Villa Aurelia (Rome, Italy), aerial view]$h[graphic]
=260  \\$c[1960]
=300  \\$a1 photographic print :$bblack/white ;$c20 x 26 cm.
=500  00$aPart of: American Academy in Rome Buildings Collection.
=540  \\$aPublication restricted (AAR copyright)$uhttp://photoarchive.aarome.org/index/rights.html
=506  \\$aClosed access material (Archive)$uhttp://photoarchive.aarome.org/index/use.html
=610  20$aAmerican Academy in Rome$xBuildings
=610  20$aVilla Aurelia (Rome, Italy)$911524480
=856  41$zAAR Photographic Archive Digital Collection$uhttp://photoarchive.aarome.org/index/index/tsk/mass
=907  \\$a.b12921336$b14-02-13$c30-01-07
=942  \\$cVMPHOTO$00
=998  \\$aa$b29-01-07$cm$dk$e-$fund$git $h0$i1
=999  \\$c102134$d102134
=952  \\$00$10$2gen$40$6AARBPROMESITEAERIALV11$70$9102100$aAAROME$bAAROME$cphoto$d2007-02-01$g0.00$oAAR.BP.Rome.Site.AerialV.11$p0102100$r2013-08-12$v0.00$w2013-08-12$yVMPHOTO

