=LDR  01607nkm a2200337 a 4500
=001  102161
=007  kh\bo\\\\\\\\\\\\\\\\\
=008  021210s1914\\\\it\\\\\\\\\\\\\\\0knund\\
=039  \\$a10948135
=040  \\$aItRAAR
=035  \\$a(OCoLC)80820384
=245  00$a[McKim, Mead & White building (Rome, Italy), courtyard, looking south, under construction]$h[graphic]
=260  \\$cJan. 1914.
=300  \\$a1 photographic print :$bblack/white ;$c28 x 40 cm.
=500  \\$aPart of: American Academy in Rome Buildings Collection.
=500  \\$aStamped on recto: Impresa costruzioni edilizie V. Ranieri, via Labicana 77, Roma.
=540  \\$aPublication restricted (AAR copyright)$uhttp://photoarchive.aarome.org/index/rights.html
=506  \\$aClosed access material (Archive)$uhttp://photoarchive.aarome.org/index/use.html
=610  20$aAmerican Academy in Rome$xBuildings
=610  20$aMcKim, Mead & White building (Rome, Italy)$912009586
=610  24$aMcKim, Mead & White.$912382015
=650  \0$aArchitecture, Modern$y20th century$912388669
=650  \0$aLandscape gardening.$912394275
=655  \7$aPhotographic prints$y1920-1930.$2gmgpc
=662  \\$aItaly$bLazio$dRome$2tgn
=856  41$zAAR Photographic Archive Digital Collection$uhttp://photoarchive.aarome.org/index/index/tsk/mass
=907  \\$a.b1292703x$b14-02-13$c30-01-07
=942  \\$cVMPHOTO$00
=998  \\$aa$b29-01-07$cm$dk$e-$fund$git $h0$i1
=999  \\$c102161$d102161
=952  \\$00$10$2gen$40$6AARBPROMEMMWLP1$70$9102127$aAAROME$bAAROME$cphoto$d2007-02-01$g0.00$oAAR.BP.Rome.MMW.(LP)1$p0102127$r2013-08-12$v0.00$w2013-08-12$yVMPHOTO

