=LDR  01548nkm a2200313 a 4500
=001  102162
=008  021210q1914\\\\it\\\\\\\\\\\\\\\0knund\\
=039  \\$a10948138
=040  \\$aItRAAR
=245  00$a[McKim, Mead & White building (Rome, Italy). Back and west side of the building under construction]$h[graphic]
=260  \\$c[Jan.? 1914]
=300  \\$a1 photographic print :$bblack/white ;$c28 x 40 cm.
=500  \\$aPart of: American Academy in Rome Buildings Collection.
=500  \\$aStamped on recto: Impresa costruzioni edilizie V. Ranieri, via Labicana 77, Roma.
=540  \\$aPublication restricted (AAR copyright)$uhttp://photoarchive.aarome.org/index/rights.html
=506  \\$aClosed access material (Archive)$uhttp://photoarchive.aarome.org/index/use.html
=610  20$aAmerican Academy in Rome$xBuildings
=610  20$aMcKim, Mead & White building (Rome, Italy)$912009586
=610  24$aMcKim, Mead & White.$912382015
=650  \0$aArchitecture, Modern$y20th century$zItaly
=650  \0$aLandscape gardening.$912394275
=655  \7$aPhotographic prints$y1920-1930.$2gmgpc
=662  \\$aItaly$bLazio$dRome$2tgn
=856  41$zAAR Photographic Archive Digital Collection$uhttp://photoarchive.aarome.org/index/index/tsk/mass
=907  \\$a.b12927053$b14-02-13$c30-01-07
=942  \\$cVMPHOTO$00
=998  \\$aa$b29-01-07$cm$dk$e-$fund$git $h0$i1
=999  \\$c102162$d102162
=952  \\$00$10$2gen$40$6AARBPROMEMMWLP3$70$9102128$aAAROME$bAAROME$cphoto$d2007-02-01$g0.00$oAAR.BP.Rome.MMW.(LP)3$p0102128$r2013-08-12$v0.00$w2013-08-12$yVMPHOTO

