=LDR  02006nkc a2200385 a 4500
=001  102165
=007  kh\bo\\\\\\\\\\\\\\\\\
=008  021210i19251930it\\\\\\\\\\\\\\\0knund\\
=037  \\$a544$bAAR$cGlass negative : b/w ; 13 x 18 cm.
=037  \\$aAAR.544$bAAR$cAcetate negative : b/w ; 6 x 7 cm -- Duplicate
=039  \\$a10948152
=040  \\$aItRAAR
=245  00$a[McKim, Mead & White building (Rome, Italy), main façade and Via Masina]$h[graphic]
=260  \\$c1925-1930
=300  \\$a2 photographic prints :$bblack/white ;$c28 x 40 cm and smaller.
=500  \\$aPart of: American Academy in Rome Buildings Collection.
=500  \\$aPrints are variants.
=510  4\$aAAR Annual Report
=540  \\$aPublication restricted (AAR copyright)$uhttp://photoarchive.aarome.org/index/rights.html
=506  \\$aClosed access material (Archive)$uhttp://photoarchive.aarome.org/index/use.html
=610  20$aAmerican Academy in Rome$xBuildings
=610  20$aMcKim, Mead & White building (Rome, Italy)$912009586
=610  24$aMcKim, Mead & White.$912382015
=650  \0$aArchitecture, Modern$y20th century$zItaly
=650  \0$aLandscape gardening.$912394275
=655  \7$aPhotographic prints$y1920-1930.$2gmgpc
=662  \\$aItaly$bLazio$dRome$2tgn
=856  41$zAAR Photographic Archive Digital Collection$uhttp://photoarchive.aarome.org/index/index/tsk/mass
=907  \\$a.b1292717x$b14-02-13$c30-01-07
=942  \\$cVMPHOTO$00
=998  \\$aa$b29-01-10$cc$dk$e-$fund$git $h0$i4
=999  \\$c102165$d102165
=952  \\$00$10$2gen$40$6AARBPROMEMMWLP2$70$9102131$aAAROME$bAAROME$cphoto$d2007-02-01$g0.00$oAAR.BP.Rome.MMW.(LP)2$p0102131$r2013-08-12$v0.00$w2013-08-12$yVMPHOTO
=952  \\$00$10$2gen$40$6AARBPROMEMMW9$70$9102132$aAAROME$bAAROME$cphoto$d2007-02-01$g0.00$oAAR.BP.Rome.MMW.9$p0102132$r2013-08-12$v0.00$w2013-08-12$yVMPHOTO
=952  \\$00$10$2gen$40$6AARBPROMEMMW58$70$9102133$aAAROME$bAAROME$cphoto$d2007-02-01$g0.00$oAAR.BP.Rome.MMW.58$p0102133$r2013-08-12$v0.00$w2013-08-12$yVMPHOTO

