=LDR  01861nkc a2200373 a 4500
=001  102168
=007  kh\bo\\\\\\\\\\\\\\\\\
=008  021210s1934\\\\it\\\\\\\\\\\\\\\0knund\\
=037  \\$aAAR.Buildings.1872$bAAR$cGlass negative : b/w ; 24 x 30 cm -- Broken
=037  \\$aAAR.Buildings.1872$bAAR$cAcetate negative : b/w ; 6 x 7 cm -- Duplicate
=039  \\$a10948155
=040  \\$aItRAAR
=035  \\$a(OCoLC)79833092
=245  00$a[McKim, Mead & White building (Rome, Italy) seen from Villa Aurelia]$h[graphic]
=260  \\$c[1934]
=300  \\$a2 photographic prints :$bblack/white ;$c28 x 40 cm and 18 x 24 cm.
=500  \\$aPart of: American Academy in Rome Buildings Collection.
=500  \\$aPrints are variants.
=510  4\$aAAR Annual Report$c1934-1935, frontispiece
=540  \\$aPublication restricted (AAR copyright)$uhttp://photoarchive.aarome.org/index/rights.html
=506  \\$aClosed access material (Archive)$uhttp://photoarchive.aarome.org/index/use.html
=610  20$aAmerican Academy in Rome$xBuildings
=610  24$aMcKim, Mead & White.$912382015
=650  \0$aArchitecture, Modern$y20th century$zItaly
=650  \0$aLandscape gardening.$912394275
=655  \7$aPhotographic prints$y1930-1940.$2gmgpc
=662  \\$aItaly$bLazio$dRome$2tgn
=856  41$zAAR Photographic Archive Digital Collection$uhttp://photoarchive.aarome.org/index/index/tsk/mass
=907  \\$a.b1292720x$b14-02-13$c30-01-07
=942  \\$cVMPHOTO$00
=998  \\$aa$b29-01-07$cc$dk$e-$fund$git $h0$i2
=999  \\$c102168$d102168
=952  \\$00$10$2gen$40$6AARBPROMEMMW93$70$9102134$aAAROME$bAAROME$cphoto$d2007-02-01$g0.00$oAAR.BP.Rome.MMW.93$p0102134$r2013-08-12$v0.00$w2013-08-12$yVMPHOTO
=952  \\$00$10$2gen$40$6AARBPROMEMMWLP7$70$9102135$aAAROME$bAAROME$cphoto$d2007-02-01$g0.00$oAAR.BP.Rome.MMW.(LP)7$p0102135$r2013-08-12$v0.00$w2013-08-12$yVMPHOTO

