=LDR  01819nkm a2200361 a 4500
=001  102183
=007  kh\bo\\\\\\\\\\\\\\\\\
=008  021211s1921\\\\it\\\\\\\\\\\\\\\0knund\\
=037  \\$aFW 578$bAAR$cAcetate negative : b/w ; 6 x 9 cm -- Duplicate
=039  \\$a10948299
=040  \\$aItRAAR
=035  \\$a(OCoLC)77640861
=245  01$a[McKim, Mead & White building (Rome, Italy), the fountain in the Founders' courtyard]$h[graphic]
=260  \\$c[1921]
=300  \\$a1 photographic print ;$c30 x 24 cm.
=510  3\$aGentlemen of instinct and breeding: architecture at the American Academy in Rome, 1849-1940 / F.K. Yeguel,$cfig. 5
=534  \\$pSculpture$aManship, Paul, 1885-1966.$tInfant Hercules strangling the serpent.$lMcKim, Mead & White building
=545  0\$aManship was a Fellow in Sculpture, 1909-1912, in the American Academy in Rome.
=540  \\$aPublication restricted (AAR copyright)$uhttp://photoarchive.aarome.org/index/rights.html
=506  \\$aClosed access material (Archive)$uhttp://photoarchive.aarome.org/index/use.html
=610  20$aAmerican Academy in Rome$xBuildings
=610  24$aMcKim, Mead & White.$912382015
=650  \0$aArchitecture, Modern$y20th century$zItaly
=650  \0$aLandscape gardening.$912394275
=655  \7$aPhotographic prints$y1920-1930.$2gmgpc
=662  \\$aItaly$bLazio$dRome$2tgn
=700  1\$aManship, Paul,$d1885-1966$910068441
=856  41$zAAR Photographic Archive Digital Collection$uhttp://photoarchive.aarome.org/index/index/tsk/mass
=907  \\$a.b12928306$b14-02-13$c30-01-07
=942  \\$cVMPHOTO$00
=998  \\$aa$b29-01-07$cm$dk$e-$fund$git $h4$i1
=999  \\$c102183$d102183
=952  \\$00$10$2gen$40$6AARBPROMEMMWLP6$70$9102149$aAAROME$bAAROME$cphoto$d2007-02-01$g0.00$oAAR.BP.Rome.MMW.(LP)6$p0102149$r2013-08-12$v0.00$w2013-08-12$yVMPHOTO

