=LDR  01687nkm a2200301 a 4500
=001  102187
=008  021212s1925\\\\it\\\\\\\\\\\\\\\0knund\\
=039  \\$a10948393
=040  \\$aItRAAR
=245  00$a[Villa Richardson (Rome, Italy), side view, before alterations]$h[graphic]
=260  \\$c[1925 ca.]
=300  \\$a2 photographic print :$bblack/white ;$c(VP)10 x 13 cm and21 x 28 cm.
=500  \\$aPart of: American Academy in Rome Buildings Collection.
=500  \\$aFormerly Villa Graziosi. Purchased by William S. Richardson from Iovini Family in 1925, the building was renovated and enlarged in the same year. It was bequeathed to the American Academy in 1963 by Ethel Bancroft Richardson. Actually, it is  the  residence of the Ambassador to the Holy See.
=540  \\$aPublication restricted (AAR copyright)$uhttp://photoarchive.aarome.org/index/rights.html
=506  \\$aClosed access material (Archive)$uhttp://photoarchive.aarome.org/index/use.html
=610  20$aAmerican Academy in Rome$xBuildings
=610  20$aVilla Richardson (Rome, Italy)$912016487
=651  \0$aJaniculum (Italy)$912401628
=655  \7$aPhotographic prints$y1920-1930.$2gmgpc
=662  \\$aItaly$bLazio$dRome$2tgn
=852  \\$aAmerican Academy in Rome$bPhotographic Archive$eRome, ITALY
=856  41$zAAR Photographic Archive Digital Collection$uhttp://photoarchive.aarome.org/index/index/tsk/mass
=907  \\$a.b12929049$b10-04-13$c30-01-07
=942  \\$cVMPHOTO$00
=998  \\$aa$b29-01-07$cm$dk$e-$fund$git $h0$i1
=999  \\$c102187$d102187
=952  \\$00$10$2gen$40$6AARBPROMEVR1$70$9102153$aAAROME$bAAROME$cphoto$d2007-02-01$g0.00$oAAR.BP.Rome.VR.1$p0102153$r2013-08-12$v0.00$w2013-08-12$yVMPHOTO

