=LDR  01855nkm a2200337 a 4500
=001  102188
=008  021212s1926\\\\it\\\\\\\\\\\\\\\0knund\\
=037  \\$aAAR.Buildings.1104$bAAR$cFilm : b/w ; 9 x 12 cm
=037  \\$aAAR.Buildings.1104$bAAR$cAcetate film : b/w ; 6 x 7 cm -- Duplicate
=039  \\$a10948397
=040  \\$aItRAAR
=035  \\$a(OCoLC)81346877
=245  00$a[Villa Richardson (Rome, Italy), garages under construction in lot n. 5]$h[graphic]
=260  \\$c[1926].
=300  \\$a1 photographic print :$bblack/white ;$c18 x 24 cm.
=500  \\$aPart of: American Academy in Rome Buildings Collection.
=500  \\$aFormerly Villa Graziosi. Purchased by William S. Richardson from Iovini Family in 1925, the building was renovated and enlarged in the same year. It was bequeathed to the American Academy in 1963 by Ethel Bancroft Richardson. Actually, it is  the  residence of the Ambassador to the Holy See.
=540  \\$aPublication restricted (AAR copyright)$uhttp://photoarchive.aarome.org/index/rights.html
=506  \\$aClosed access material (Archive)$uhttp://photoarchive.aarome.org/index/use.html
=610  20$aAmerican Academy in Rome$xBuildings
=610  20$aVilla Richardson (Rome, Italy)$912016487
=651  \0$aJaniculum (Italy)$912401628
=655  \7$aPhotographic prints$y1920-1930.$2gmgpc
=662  \\$aItaly$bLazio$dRome$2tgn
=852  \\$aAmerican Academy in Rome$bPhotographic Archive$eRome, ITALY
=856  41$zAAR Photographic Archive Digital Collection$uhttp://photoarchive.aarome.org/index/index/tsk/mass
=907  \\$a.b12929086$b10-04-13$c30-01-07
=942  \\$cVMPHOTO$00
=998  \\$aa$b29-01-07$cm$dk$e-$fund$git $h0$i1
=999  \\$c102188$d102188
=952  \\$00$10$2gen$40$6AARBPROMEVR3$70$9102154$aAAROME$bAAROME$cphoto$d2007-02-01$g0.00$oAAR.BP.Rome.VR.3$p0102154$r2013-08-12$v0.00$w2013-08-12$yVMPHOTO

