=LDR  02019nkm a2200349 a 4500
=001  102189
=008  021212s1926\\\\it\\\\\\\\\\\\\\\0knund\\
=037  \\$aAAR.Buildings.1183a$bAAR$cGlass negative : b/w ; 24 x 30 cm
=037  \\$aAAR.Buildings.1183a$bAAR$cAcetate film : b/w ; 6 x 7 cm -- Duplicate
=039  \\$a10948398
=040  \\$aItRAAR
=035  \\$a(OCoLC)77743304
=245  00$a[Villa Richardson (Rome, Italy), the garden to the side]$h[graphic]
=260  \\$c[1926].
=300  \\$a1 photographic print :$bblack/white ;$c18 x 24 cm.
=500  \\$aThe plot to the side of Villa Richardson, actually a garden, was purchased for the Academy in 1926 with funds largely raised by William S. Richardson.
=500  \\$aPart of: American Academy in Rome Buildings Collection.
=500  \\$aFormerly Villa Graziosi. Purchased by William S. Richardson from Iovini Family in 1925, the building was renovated and enlarged in the same year. It was bequeathed to the American Academy in 1963 by Ethel Bancroft Richardson. Actually, it is  the  residence of the Ambassador to the Holy See.
=540  \\$aPublication restricted (AAR copyright)$uhttp://photoarchive.aarome.org/index/rights.html
=506  \\$aClosed access material (Archive)$uhttp://photoarchive.aarome.org/index/use.html
=610  20$aAmerican Academy in Rome$xBuildings
=610  20$aVilla Richardson (Rome, Italy)$912016487
=651  \0$aJaniculum (Italy)$912401628
=655  \7$aPhotographic prints$y1920-1930.$2gmgpc
=662  \\$aItaly$bLazio$dRome$2tgn
=852  \\$aAmerican Academy in Rome$bPhotographic Archive$eRome, ITALY
=856  41$zAAR Photographic Archive Digital Collection$uhttp://photoarchive.aarome.org/index/index/tsk/mass
=907  \\$a.b12929098$b10-04-13$c30-01-07
=942  \\$cVMPHOTO$00
=998  \\$aa$b29-01-07$cm$dk$e-$fund$git $h0$i1
=999  \\$c102189$d102189
=952  \\$00$10$2gen$40$6AARBPROMEVR4$70$9102155$aAAROME$bAAROME$cphoto$d2007-02-01$g0.00$oAAR.BP.Rome.VR.4$p0102155$r2013-08-12$v0.00$w2013-08-12$yVMPHOTO

