=LDR  02426nkm a2200409 a 4500
=001  102218
=008  021217n\\\\\\\\it\\\\\\\\\\\\\\\0knund\\
=037  \\$aAAR.Buildings.1609$bAAR$cGlass negative : b/w ; 24 x 30 cm
=037  \\$aAAR.Buildings.1609$bAAR$cAcetate film : b/w ; 6 x 7 cm -- Duplicate
=039  \\$a10948914
=040  \\$aItRAAR
=035  \\$a(OCoLC)78362464
=245  00$a[Villino Bellacci (Rome, Italy), plans]$h[graphic]
=260  \\$c[S.d.]
=300  \\$a1 photographic print :$bblack/white ;$c18 x 24 cm.
=500  \\$aPart of: American Academy in Rome Buildings Collection.
=500  \\$aVillino Bellacci and its guesthouse, known as the Bellaccino, were built at the beginning of the 20th century by a prince of the Torlonia family for his mistress, Cesarina Bellacci. It is a rare example of Arts and Crafts architecture in Rome created in 1907 by a group of artists, including: Duilio Cambellotti, Flavio Giosi, Cesare Picchiarini and Venuto Venuti.
=500  \\$aVillino Bellacci and its guesthouse,  were purchased and donated to the American Academy in Rome by J.Pl. Morgan in 1913.
=500  \\$aIn 2002, the Laboratorio Scaramella duplicated the existing glass plate negatives on acetate negatives 6 x 7 cm and produced the corrisponding prints.
=540  \\$aPublication restricted (AAR copyright)$uhttp://photoarchive.aarome.org/index/rights.html
=506  \\$aClosed access material (Archive)$uhttp://photoarchive.aarome.org/index/use.html
=600  10$aCambellotti, Duilio,$d1876-1960.$912380663
=610  20$aAmerican Academy in Rome$xBuildings
=610  20$aVillino Bellacci (Rome, Italy). $912017777
=651  \0$aJaniculum (Italy)$912401628
=651  \0$aRome (Italy)$xBuildings, structures, etc.$912405938
=655  \7$aPhotographic prints.$2gmgpc
=662  \\$aItaly$bLazio$dRome$2tgn
=700  1\$aScaramella, Lorenzo$912408785
=710  2\$aAmerican Academy in Rome$912378923
=852  \\$aAmerican Academy in Rome$bPhotographic Archive$eRome, ITALY
=856  41$zAAR Photographic Archive Digital Collection$uhttp://photoarchive.aarome.org/index/index/tsk/mass
=907  \\$a.b12932668$b10-04-13$c30-01-07
=942  \\$cVMPHOTO$00
=998  \\$aa$b18-01-12$cm$dk$e-$fund$git $h0$i1
=999  \\$c102218$d102218
=952  \\$00$10$2gen$40$6AARBPROMEVBE1$70$9102184$aAAROME$bAAROME$cphoto$d2007-02-01$g0.00$oAAR.BP.Rome.VBe.1$p0102184$r2013-08-12$v0.00$w2013-08-12$yVMPHOTO

