=LDR  02316nkm a2200397 a 4500
=001  102222
=008  021217s1973\\\\it\\\\\\\\\\\\\\\0knund\\
=039  \\$a10948927
=040  \\$aItRAAR
=035  \\$a(OCoLC)81921453
=245  00$a[Villino Bellacci (Rome, Italy), path in the garden]$h[graphic]
=260  \\$c1973.
=300  \\$a1 photographic print :$bblack/white ;$c12 x 17 cm.
=500  \\$aPrints are variants.
=500  \\$aPart of: American Academy in Rome Buildings Collection.
=500  \\$aVillino Bellacci and its guesthouse, known as the Bellaccino, were built at the beginning of the 20th century by a prince of the Torlonia family for his mistress, Cesarina Bellacci. It is a rare example of Arts and Crafts architecture in Rome created in 1907 by a group of artists, including: Duilio Cambellotti, Flavio Giosi, Cesare Picchiarini and Venuto Venuti.
=500  \\$aVillino Bellacci and its guesthouse,  were purchased and donated to the American Academy in Rome by J.Pl. Morgan in 1913.
=500  \\$aIn 2002, the Laboratorio Scaramella duplicated the existing glass plate negatives on acetate negatives 6 x 7 cm and produced the corrisponding prints.
=540  \\$aPublication restricted (AAR copyright)$uhttp://photoarchive.aarome.org/index/rights.html
=506  \\$aClosed access material (Archive)$uhttp://photoarchive.aarome.org/index/use.html
=600  10$aCambellotti, Duilio,$d1876-1960.$912380663
=610  20$aAmerican Academy in Rome$xBuildings
=610  20$aVillino Bellacci (Rome, Italy). $912017777
=651  \0$aJaniculum (Italy)$912401628
=651  \0$aRome (Italy)$xBuildings, structures, etc.$912405938
=655  \7$aPhotographic prints.$2gmgpc
=662  \\$aItaly$bLazio$dRome$2tgn
=700  1\$aScaramella, Lorenzo$912408785
=710  2\$aAmerican Academy in Rome$912378923
=852  \\$aAmerican Academy in Rome$bPhotographic Archive$eRome, ITALY
=856  41$zAAR Photographic Archive Digital Collection$uhttp://photoarchive.aarome.org/index/index/tsk/mass
=907  \\$a.b12932772$b10-04-13$c30-01-07
=942  \\$cVMPHOTO$00
=998  \\$aa$b29-01-07$cm$dk$e-$fund$git $h0$i1
=999  \\$c102222$d102222
=952  \\$00$10$2gen$40$6AARBPROMEVBE9$70$9102188$aAAROME$bAAROME$cphoto$d2007-02-01$g0.00$oAAR.BP.Rome.VBe.9$p0102188$r2013-08-12$v0.00$w2013-08-12$yVMPHOTO

