=LDR  01705nkm a2200361 a 4500
=001  102226
=008  021217q1914\\\\it\\\\\\\\\\\\\\\0knund\\
=037  \\$aAAR.Buildings.587$bAAR$cGlass negative : b/w ; 24 x 30 cm
=037  \\$aAAR.Buildings.587$bAAR$cAcetate film : b/w ; 6 x 7 cm -- Duplicate
=039  \\$a10948953
=040  \\$aItRAAR
=035  \\$a(OCoLC)84249886
=245  00$a[Villa Chiaraviglio (Rome, Italy) seen from Villino Bellacci]$h[graphic]
=260  \\$c[1914?]
=300  \\$a1 photographic print :$bblack/white ;$c18 x 24 cm.
=500  \\$aPart of: American Academy in Rome Buildings Collection.
=540  \\$aPublication restricted (AAR copyright)$uhttp://photoarchive.aarome.org/index/rights.html
=506  \\$aClosed access material (Archive)$uhttp://photoarchive.aarome.org/index/use.html
=610  20$aAmerican Academy in Rome$xBuildings
=610  20$aVilla Chiaraviglio (Rome, Italy)
=610  20$aVillino Bellacci (Rome, Italy). $912017777
=651  \0$aJaniculum (Italy)$912401628
=651  \0$aRome (Italy)$xBuildings, structures, etc.$912405938
=655  \7$aPhotographic prints.$2gmgpc
=662  \\$aItaly$bLazio$dRome$2tgn
=710  2\$aAmerican Academy in Rome$912378923
=852  \\$aAmerican Academy in Rome$bPhotographic Archive$eRome, ITALY
=856  41$zAAR Photographic Archive Digital Collection$uhttp://photoarchive.aarome.org/index/index/tsk/mass
=907  \\$a.b12932917$b10-04-13$c30-01-07
=942  \\$cVMPHOTO$00
=998  \\$aa$b29-01-07$cm$dk$e-$fund$git $h0$i1
=999  \\$c102226$d102226
=952  \\$00$10$2gen$40$6AARBPROMEVCH1$70$9102192$aAAROME$bAAROME$cphoto$d2007-02-01$g0.00$oAAR.BP.Rome.VCh.1$p0102192$r2013-08-12$v0.00$w2013-08-12$yVMPHOTO

