=LDR  01621nkm a2200349 a 4500
=001  102231
=008  021217n\\\\\\\\it\\\\\\\\\\\\\\\0knund\\
=037  \\$aAAR.Buildings.967b$bAAR$cFilm : b/w ; 9 x 12 cm
=037  \\$aAAR.Buildings.967b$bAAR$cAcetate film : b/w ; 6 x 7 cm -- Duplicate
=039  \\$a10948974
=040  \\$aItRAAR
=035  \\$a(OCoLC)80514108
=245  00$a[Villa Chiaraviglio (Rome, Italy), the garden]$h[graphic]
=260  \\$c[S.d.]
=300  \\$a1 photographic print :$bblack/white ;$c24 x 18 cm.
=500  \\$aPart of: American Academy in Rome Buildings Collection.
=540  \\$aPublication restricted (AAR copyright)$uhttp://photoarchive.aarome.org/index/rights.html
=506  \\$aClosed access material (Archive)$uhttp://photoarchive.aarome.org/index/use.html
=610  20$aAmerican Academy in Rome$xBuildings
=610  20$aVilla Chiaraviglio (Rome, Italy)
=651  \0$aJaniculum (Italy)$912401628
=651  \0$aRome (Italy)$xBuildings, structures, etc.$912405938
=655  \7$aPhotographic prints.$2gmgpc
=662  \\$aItaly$bLazio$dRome$2tgn
=710  2\$aAmerican Academy in Rome$912378923
=852  \\$aAmerican Academy in Rome$bPhotographic Archive$eRome, ITALY
=856  41$zAAR Photographic Archive Digital Collection$uhttp://photoarchive.aarome.org/index/index/tsk/mass
=907  \\$a.b12933028$b10-04-13$c30-01-07
=942  \\$cVMPHOTO$00
=998  \\$aa$b29-01-07$cm$dk$e-$fund$git $h0$i1
=999  \\$c102231$d102231
=952  \\$00$10$2gen$40$6AARBPROMEVCH5$70$9102197$aAAROME$bAAROME$cphoto$d2007-02-01$g0.00$oAAR.BP.Rome.VCh.5$p0102197$r2013-08-12$v0.00$w2013-08-12$yVMPHOTO

