=LDR  01509nkm a2200337 a 4500
=001  102233
=007  kh\bo\\\\\\\\\\\\\\\\\
=008  021217n\\\\\\\\it\\\\\\\\\\\\\\\0knund\\
=039  \\$a10949019
=040  \\$aItRAAR
=035  \\$a(OCoLC)82973898
=245  00$a[Villa Chiaraviglio (Rome, Italy), living room]$h[graphic]
=260  \\$c[S.d.]
=300  \\$a1 photographic print :$bblack/white ;$c18 x 24 cm.
=500  \\$aPart of: American Academy in Rome Buildings Collection.
=540  \\$aPublication restricted (AAR copyright)$uhttp://photoarchive.aarome.org/index/rights.html
=506  \\$aClosed access material (Archive)$uhttp://photoarchive.aarome.org/index/use.html
=610  20$aAmerican Academy in Rome$xBuildings
=610  20$aVilla Chiaraviglio (Rome, Italy)
=651  \0$aJaniculum (Italy)$912401628
=651  \0$aRome (Italy)$xBuildings, structures, etc.$912405938
=655  \7$aPhotographic prints.$2gmgpc
=662  \\$aItaly$bLazio$dRome$2tgn
=710  2\$aAmerican Academy in Rome$912378923
=852  \\$aAmerican Academy in Rome$bPhotographic Archive$eRome, ITALY
=856  41$zAAR Photographic Archive Digital Collection$uhttp://photoarchive.aarome.org/index/index/tsk/mass
=907  \\$a.b12933338$b10-04-13$c30-01-07
=942  \\$cVMPHOTO$00
=998  \\$aa$b29-01-07$cm$dk$e-$fund$git $h0$i1
=999  \\$c102233$d102233
=952  \\$00$10$2gen$40$6AARBPROMEVCH6$70$9102199$aAAROME$bAAROME$cphoto$d2007-02-01$g0.00$oAAR.BP.Rome.VCh.6$p0102199$r2013-08-12$v0.00$w2013-08-12$yVMPHOTO

