=LDR  01997nkm a2200361 a 4500
=001  102234
=008  021217e1997\\\\it\\\\\\\\\\\\\\\0knund\\
=039  \\$a10949028
=040  \\$aItRAAR
=245  00$a[Casa rustica (Roma, Italy)]$h[graphic]
=260  \\$c[1997]
=300  \\$a1 photographic print :$bcolor ;$c10 x 15 cm.
=500  \\$aPhotograph made by AAR Trustee Mercedes T. Bass
=500  \\$aPart of: American Academy in Rome Buildings Collection.
=500  \\$aIn 2002, the Laboratorio Scaramella duplicated the 180 existing glass plate negatives on acetate negatives 6 x 7 cm and produced the corrisponding prints.
=540  \\$aPublication restricted (AAR copyright)$uhttp://photoarchive.aarome.org/index/rights.html
=506  \\$aClosed access material (Archive)$uhttp://photoarchive.aarome.org/index/use.html
=610  20$aAmerican Academy in Rome$xBuildings
=650  \1$aCasa Rustica was built on the site of a small villa constructed at the end of the sixteenth century by Cardinal Innocenzo Malvasia. Destroyed by the French Army in 1849, rebuilt as a much more rustic structure it was a tavern until 1920, when the American Academy in Rome purchased it.
=650  \0$aArchitecture$y20th century$zItaly
=650  \0$aLandscape gardening.$912394275
=651  \0$aJaniculum (Italy)$912401628
=651  \0$aRome (Italy)$xBuildings, structures, etc.$y20th century
=655  \7$aPhotographic prints$y1990-2000.$2gmgpc$912642173
=662  \\$aItaly$bLazio$dRome$2tgn
=700  1\$aScaramella, Lorenzo$912408785
=710  2\$aAmerican Academy in Rome$912378923
=856  41$zAAR Photographic Archive Digital Collection$uhttp://photoarchive.aarome.org/index/index/tsk/mass
=907  \\$a.b12933405$b10-04-13$c30-01-07
=942  \\$cVMPHOTO$00
=998  \\$aa$b29-01-07$cm$dk$e-$fund$git $h0$i1
=999  \\$c102234$d102234
=952  \\$00$10$2gen$40$6AARBPROMECAR5$70$9102200$aAAROME$bAAROME$cphoto$d2007-02-01$g0.00$oAAR.BP.Rome.CaR.5$p0102200$r2013-08-12$v0.00$w2013-08-12$yVMPHOTO

