=LDR  01769nkm a2200337 a 4500
=001  102236
=005  20150326070949.0
=008  021217i19261927it\\\\\\\\\\\\\\\0knund\\
=037  \\$aAAR.Buildings.469$bAAR$cGlass negative : b/w ; 24 x 30 cm
=037  \\$aAAR.Buildings.469$bAAR$cAcetate film : b/w ; 6 x 7 cm -- Duplicate
=039  \\$a10949034
=040  \\$aItRAAR$cItRAAR
=245  00$a[Curia generalizia dei Padri Barnabiti (Rome, Italy), main façade seen from the tennis ground in the garden of the McKim, Mead & White]$h[graphic]
=260  \\$c[between 1926 and 1927]
=300  \\$a1 photographic print :$bblack/white ;$c18 x 24 cm.
=500  \\$aPart of: American Academy in Rome Buildings Collection.
=506  \\$aClosed access material (Archive)$uhttp://photoarchive.aarome.org/index/use.html
=520  \\$aIn foreground, a portion of the garden of the McKim, Mead & White Building, before the acquisition of the lot. n. 2.
=540  \\$aPublication restricted (AAR copyright)$uhttp://photoarchive.aarome.org/index/rights.html
=600  10$aMcKim, Charles Follen,$d1847-1909$912382359
=610  20$aAmerican Academy in Rome$xBuildings
=610  20$aBarnabites.$bCuria generalizia dei Padri Barnabiti
=650  \0$aArchitecture, Modern$y20th century$zItaly
=655  \7$aPhotographic prints$y1920-1930.$2gmgpc
=662  \\$aItaly$bLazio$dRome$2tgn
=856  41$zAAR Photographic Archive Digital Collection$uhttp://photoarchive.aarome.org/index/index/tsk/mass
=907  \\$a.b12933466$b14-02-13$c30-01-07
=942  \\$cVMPHOTO$00$2z
=998  \\$b29-01-07$cm$dk$i1
=999  \\$c102236$d102236
=952  \\$00$10$2gen$40$6AARBPROMEMMW72$70$9102202$aAAROME$bAAROME$cphoto$d2007-02-01$g0.00$oAAR.BP.Rome.MMW.72$p0102202$r2013-08-12$v0.00$w2013-08-12$yVMPHOTO

