=LDR  01763nkm a2200337 a 4500
=001  102243
=005  20150326070949.0
=008  021219i19261927it\\\\\\\\\\\\\\\0knund\\
=037  \\$aAAR.Buildings.1101$bAAR$cFilm : b/w ; 9 x 12 cm.
=037  \\$aAAR.Buildings.1101$bAAR$cAcetate film : b/w ; 6 x 7 cm -- Duplicate
=039  \\$a10949472
=040  \\$aItRAAR$cItRAAR
=245  00$a[Curia generalizia dei Padri Barnabiti (Rome, Italy), main façade. View from the McKim, Mead and White with garden and the tennis ground]$h[graphic]
=260  \\$c[between 1926 and 1927]
=300  \\$a1 photographic print :$bblack/white ;$c18 x 24 cm.
=500  \\$aPart of: American Academy in Rome Buildings Collection.
=506  \\$aClosed access material (Archive)$uhttp://photoarchive.aarome.org/index/use.html
=520  \\$aIn foreground, a portion of the garden of the McKim, Mead & White Building, before the acquisition of the lot. n. 2.
=540  \\$aPublication restricted (AAR copyright)$uhttp://photoarchive.aarome.org/index/rights.html
=600  10$aMcKim, Charles Follen,$d1847-1909$912382359
=610  20$aAmerican Academy in Rome$xBuildings
=610  20$aBarnabites.$bCuria generalizia dei Padri Barnabiti
=650  \0$aArchitecture, Modern$y20th century$zItaly
=655  \7$aPhotographic prints$y1920-1930.$2gmgpc
=662  \\$aItaly$bLazio$dRome$2tgn
=856  41$zAAR Photographic Archive Digital Collection$uhttp://photoarchive.aarome.org/index/index/tsk/mass
=907  \\$a.b12935724$b14-02-13$c30-01-07
=942  \\$cVMPHOTO$00$2z
=998  \\$b29-01-07$cm$dk$i1
=999  \\$c102243$d102243
=952  \\$00$10$2gen$40$6AARBPROMEMMW73$70$9102209$aAAROME$bAAROME$cphoto$d2007-02-01$g0.00$oAAR.BP.Rome.MMW.73$p0102209$r2013-08-12$v0.00$w2013-08-12$yVMPHOTO

