=LDR  01622nkm a2200313 a 4500
=001  102245
=008  021219i19041914it\\\\\\\\\\\\\\\0knund\\
=039  \\$a10949486
=040  \\$aItRAAR
=035  \\$a(OCoLC)82202284
=245  00$a[Villa Mirafiori (Rome, Italy), side with the loggia]$h[graphic]
=260  \\$c[between 1904 and 1914]
=300  \\$a1 photographic print :$bblack/white ;$c20 x 25 cm.
=500  \\$aStamped on verso of one of the vintage prints: From the American Academy in Rome, 6 East 23rd Street, New York.
=500  \\$aPart of: American Academy in Rome Buildings Collection.
=520  \\$aVilla Mirafiori housed the American Academy in Rome from 1904 to 1914; F. Crowninshield was director from 1909 to 1912.
=540  \\$aPublication restricted (AAR copyright)$uhttp://photoarchive.aarome.org/index/rights.html
=506  \\$aClosed access material (Archive)$uhttp://photoarchive.aarome.org/index/use.html
=610  20$aAmerican Academy in Rome$xBuildings
=610  20$aVilla Mirafiori (Rome, Italy)$912018983
=655  \7$aPhotographic prints$y1900-1910.$2gmgpc
=662  \\$aItaly$bLazio$dRome$2tgn
=852  \\$aAmerican Academy in Rome$bPhotographic Archive$eRome, ITALY
=856  41$zAAR Photographic Archive Digital Collection$uhttp://photoarchive.aarome.org/index/index/tsk/mass
=907  \\$a.b12935839$b14-02-13$c30-01-07
=942  \\$cVMPHOTO$00
=998  \\$aa$b29-01-07$cm$dk$e-$fund$git $h0$i1
=999  \\$c102245$d102245
=952  \\$00$10$2gen$40$6AARBPROMEVMI8VP$70$9102211$aAAROME$bAAROME$cphoto$d2007-02-01$g0.00$oAAR.BP.Rome.VMi.8(VP)$p0102211$r2013-08-12$v0.00$w2013-08-12$yVMPHOTO

