=LDR  01439nkm a2200301 a 4500
=001  102249
=008  021219i19041914it\\\\\\\\\\\\\\\0knund\\
=039  \\$a10949495
=040  \\$aItRAAR
=035  \\$a(OCoLC)78691519
=245  00$a[Villa Mirafiori (Rome, Italy), interior, a study]$h[graphic]
=260  \\$c[between 1904 and 1914]
=300  \\$a1 photographic print :$bblack/white ;$c20 x 25 cm.
=500  \\$aPart of: American Academy in Rome Buildings Collection.
=500  \\$aVilla Mirafiori housed the American Academy in Rome from 1904 to 1914.
=540  \\$aPublication restricted (AAR copyright)$uhttp://photoarchive.aarome.org/index/rights.html
=506  \\$aClosed access material (Archive)$uhttp://photoarchive.aarome.org/index/use.html
=610  20$aAmerican Academy in Rome$xBuildings
=655  \7$aPhotographic prints$y1900-1910.$2gmgpc
=662  \\$aItaly$bLazio$dRome$2tgn
=710  2\$aAmerican Academy in Rome$912378923
=852  \\$aAmerican Academy in Rome$bPhotographic Archive$eRome, ITALY
=856  41$zAAR Photographic Archive Digital Collection$uhttp://photoarchive.aarome.org/index/index/tsk/mass
=907  \\$a.b12935906$b14-02-13$c30-01-07
=942  \\$cVMPHOTO$00
=998  \\$aa$b29-01-07$cm$dk$e-$fund$git $h0$i1
=999  \\$c102249$d102249
=952  \\$00$10$2gen$40$6AARBPROMEVMI11VP$70$9102215$aAAROME$bAAROME$cphoto$d2007-02-01$g0.00$oAAR.BP.Rome.VMi.11(VP)$p0102215$r2013-08-12$v0.00$w2013-08-12$yVMPHOTO

