=LDR  01753nkm a2200373 a 4500
=001  102279
=007  kh\bo\\\\\\\\\\\\\\\\\
=008  021224n\\\\\\\\it\\\\\\\\\\\\\\\0knund\\
=037  \\$aAAR.Buildings.629$bAAR$cGlass negative : b/w ; 13 x 18 cm.
=037  \\$aAAR.Buildings.2/629$bAAR$cAcetate film : b/w ; 6 x 7 cm. -- Duplicate
=039  \\$a10949791
=040  \\$aItRAAR
=035  \\$a(OCoLC)77640859
=245  00$a[Villa Aurora (Rome, Italy), general view from distance]$h[graphic]
=260  \\$c[S.d.]
=300  \\$a1 photographic print :$bblack/white ;$c18 x 24 cm.
=500  \\$aPart of: American Academy in Rome Buildings Collection.
=500  \\$aVilla Aurora on Pincian Hill housed the American Academy in Rome until 1904.
=540  \\$aPublication restricted (AAR copyright)$uhttp://photoarchive.aarome.org/index/rights.html
=506  \\$aClosed access material (Archive)$uhttp://photoarchive.aarome.org/index/use.html
=610  20$aAmerican Academy in Rome$xBuildings
=650  \0$aArchitecture$zItaly$zRome$912403795
=650  \0$aLandscape gardening.$912394275
=651  \0$aJaniculum (Italy)$912401628
=651  \0$aRome (Italy)$xBuildings, structures, etc.$912405938
=655  \7$aPhotographic prints$2gmgpc
=662  \\$aItaly$bLazio$dRome$2tgn
=710  2\$aAmerican Academy in Rome$912378923
=856  41$zAAR Photographic Archive Digital Collection$uhttp://photoarchive.aarome.org/index/index/tsk/mass
=907  \\$a.b12937460$b10-04-13$c30-01-07
=942  \\$cVMPHOTO$00
=998  \\$aa$b29-01-07$cm$dk$e-$fund$git $h0$i1
=999  \\$c102279$d102279
=952  \\$00$10$2gen$40$6AARBPROMEVAURORA1$70$9102245$aAAROME$bAAROME$cphoto$d2007-02-01$g0.00$oAAR.BP.Rome.VAurora.1$p0102245$r2013-08-12$v0.00$w2013-08-12$yVMPHOTO

