=LDR  01492nkm a2200313 a 4500
=001  102280
=007  kh\bo\\\\\\\\\\\\\\\\\
=008  021224n\\\\\\\\it\\\\\\\\\\\\\\\0knund\\
=037  \\$aAAR.Buildings.2128$bAAR$cGlass negative : b/w ; 13 x 18 cm.
=037  \\$aAAR.Buildings.2128$bAAR$cAcetate film : b/w ; 6 x 7 cm. -- Duplicate
=039  \\$a10949792
=040  \\$aItRAAR
=035  \\$a(OCoLC)80168226
=245  00$a[Small building in the Ubaid's property (Rome, Italy)]$h[graphic]
=260  \\$c[S.d.]
=300  \\$a1 photographic print :$bblack/white ;$c18 x 24 cm.
=500  \\$aPart of: American Academy in Rome Buildings Collection.
=500  \\$aTitle from the envelope that included the print.
=500  \\$aMons. Ubaid was the Maronite who owned the 5B property.
=540  \\$aPublication restricted (AAR copyright)$uhttp://photoarchive.aarome.org/index/rights.html
=506  \\$aClosed access material (Archive)$uhttp://photoarchive.aarome.org/index/use.html
=610  20$aAmerican Academy in Rome$xBuildings
=610  20$aSiro-Maronite College (Rome, Italy)
=856  41$zAAR Photographic Archive Digital Collection$uhttp://photoarchive.aarome.org/index/index/tsk/mass
=907  \\$a.b12937472$b14-02-13$c30-01-07
=942  \\$cVMPHOTO$00
=998  \\$aa$b29-01-07$cm$dk$e-$fund$git $h0$i1
=999  \\$c102280$d102280
=952  \\$00$10$2gen$40$6AARBPROMEUB1$70$9102246$aAAROME$bAAROME$cphoto$d2007-02-01$g0.00$oAAR.BP.Rome.Ub.1$p0102246$r2013-08-12$v0.00$w2013-08-12$yVMPHOTO

