=LDR  01875nkm a2200385 a 4500
=001  102287
=007  kh\bo\\\\\\\\\\\\\\\\\
=008  021231q1930\\\\it\\\\\\\\\\\\\\\0knund\\
=037  \\$aAAR.Buildings.2129$bAAR$cGlass negative : b/w ; 13 x 18 cm.
=037  \\$aAAR.Buildings.2129$bAAR$cAcetate film : b/w ; 6 x 7 cm. -- Duplicate
=039  \\$a10949883
=040  \\$aItRAAR
=035  \\$a(OCoLC)79335250
=245  04$a[The private street between the Academy and the Mons. Ubaid's property (Rome, Italy)]$h[graphic]
=260  \\$c[1930?]
=300  \\$a1 photographic print :$bblack/white ;$c18 x 24 cm.
=500  \\$aTitle from the envelope that included the print.
=500  \\$aThe street was closed  by an iron gate in 1929-1930 -- AAR Annual report 1929-1930, p. 35.
=500  \\$aMons. Ubaid was the Maronite who owned the 5B property.
=500  \\$aPart of: American Academy in Rome Buildings Collection.
=510  4\$aAAR Annual Report$c1943-1951
=540  \\$aPublication restricted (AAR copyright)$uhttp://photoarchive.aarome.org/index/rights.html
=506  \\$aClosed access material (Archive)$uhttp://photoarchive.aarome.org/index/use.html
=610  20$aAmerican Academy in Rome$xBuildings
=610  20$aMcKim, Mead & White.$912382015
=650  \0$aArchitecture, Modern$y20th century$zItaly
=650  \0$aLandscape gardening.$912394275
=655  \7$aPhotographic prints$y1920-1930.$2gmgpc
=662  \\$aItaly$bLazio$dRome$2tgn
=856  41$zAAR Photographic Archive Digital Collection$uhttp://photoarchive.aarome.org/index/index/tsk/mass
=907  \\$a.b12938105$b14-02-13$c30-01-07
=942  \\$cVMPHOTO$00
=998  \\$aa$b29-01-07$cm$dk$e-$fund$git $h4$i1
=999  \\$c102287$d102287
=952  \\$00$10$2gen$40$6AARBPROMEMMW78$70$9102253$aAAROME$bAAROME$cphoto$d2007-02-01$g0.00$oAAR.BP.Rome.MMW.78$p0102253$r2013-08-12$v0.00$w2013-08-12$yVMPHOTO

