=LDR  01666nkm a2200349 a 4500
=001  102288
=007  kh\bo\\\\\\\\\\\\\\\\\
=008  021231q1929\\\\it\\\\\\\\\\\\\\\0knund\\
=037  \\$aAAR.Buildings.1514$bAAR$cFilm : b/w ; 9 x 12 cm.
=037  \\$aAAR.Buildings.1514$bAAR$cAcetate film : b/w ; 6 x 7 cm. -- Duplicate
=039  \\$a10949884
=040  \\$aItRAAR
=035  \\$a(OCoLC)79271130
=245  00$a[Villino Nigido (Rome, Italy), external view]$h[graphic]
=260  \\$c[1929?]
=300  \\$a1 photographic print :$bblack/white ;$c18 x 24 cm.
=500  \\$aPart of: American Academy in Rome Buildings Collection.
=500  \\$aIn 1929, the Prof. in charge Henry Sanders and his wife leased the Villino Nigido, in via Carini n. 15.
=540  \\$aPublication restricted (AAR copyright)$uhttp://photoarchive.aarome.org/index/rights.html
=506  \\$aClosed access material (Archive)$uhttp://photoarchive.aarome.org/index/use.html
=610  20$aAmerican Academy in Rome$xBuildings
=610  20$aVillino Nigido (Rome, Italy)
=651  \0$aJaniculum (Italy)$912401628
=655  \7$aPhotographic prints$y1920-1930.$2gmgpc
=662  \\$aItaly$bLazio$dRome$2tgn
=852  \\$aAmerican Academy in Rome$bPhotographic Archive$eRome, ITALY
=856  41$zAAR Photographic Archive Digital Collection$uhttp://photoarchive.aarome.org/index/index/tsk/mass
=907  \\$a.b12938117$b10-04-13$c30-01-07
=942  \\$cVMPHOTO$00
=998  \\$aa$b29-01-07$cm$dk$e-$fund$git $h0$i1
=999  \\$c102288$d102288
=952  \\$00$10$2gen$40$6AARBPROMEVNI1$70$9102254$aAAROME$bAAROME$cphoto$d2007-02-01$g0.00$oAAR.BP.Rome.VNi.1$p0102254$r2013-08-12$v0.00$w2013-08-12$yVMPHOTO

