=LDR  01418nkm a2200301 a 4500
=001  102289
=007  kh\bo\\\\\\\\\\\\\\\\\
=008  021231n\\\\\\\\it\\\\\\\\\\\\\\\0knund\\
=039  \\$a10949885
=040  \\$aItRAAR
=245  00$a[Villa Mirafiori (Rome, Italy), backhouse in the garden]$h[graphic]
=260  \\$c[S.d.]
=300  \\$a1 photographic print :$bblack/white ;$c18 x 24 cm.
=500  \\$aPart of: American Academy in Rome Buildings Collection.
=500  \\$aVilla Mirafiori housed the American Academy in Rome from 1904 to 1914.
=540  \\$aPublication restricted (AAR copyright)$uhttp://photoarchive.aarome.org/index/rights.html
=506  \\$aClosed access material (Archive)$uhttp://photoarchive.aarome.org/index/use.html
=610  20$aAmerican Academy in Rome$xBuildings
=655  \7$aPhotographic prints.$2gmgpc
=662  \\$aItaly$bLazio$dRome$2tgn
=710  2\$aAmerican Academy in Rome$912378923
=852  \\$aAmerican Academy in Rome$bPhotographic Archive$eRome, ITALY
=856  41$zAAR Photographic Archive Digital Collection$uhttp://photoarchive.aarome.org/index/index/tsk/mass
=907  \\$a.b12938129$b14-02-13$c30-01-07
=942  \\$cVMPHOTO$00
=998  \\$aa$b29-01-07$cm$dk$e-$fund$git $h0$i1
=999  \\$c102289$d102289
=952  \\$00$10$2gen$40$6AARBPROMEVMI4VP$70$9102255$aAAROME$bAAROME$cphoto$d2007-02-01$g0.00$oAAR.BP.Rome.VMi.4(VP)$p0102255$r2013-08-12$v0.00$w2013-08-12$yVMPHOTO

