=LDR  01992nkm a2200337 a 4500
=001  102290
=008  021231n\\\\\\\\it\\\\\\\\\\\\\\\0knund\\
=037  \\$aAAR.Buildings.97/8572$bAAR$cFilm : b/w ; 9 x 12 cm
=037  \\$aAAR.Buildings.97/8572$bAAR$cAcetate film : b/w ; 6 x 7 cm -- Duplicate
=039  \\$a10949886
=040  \\$aItRAAR
=245  00$a[Villa Richardson (Rome, Italy), lot n. 5 seen from the McKim, Mead and White building]$h[graphic]
=260  \\$c[S.d.]
=300  \\$a3 photographic print :$bblack/white ;$c18 x 24 cm.
=500  \\$aPart of: American Academy in Rome Buildings Collection.
=500  \\$aFormerly Villa Graziosi. Purchased by William S. Richardson from Iovini Family in 1925, the building was renovated and enlarged in the same year. It was bequeathed to the American Academy in 1963 by Ethel Bancroft Richardson. Actually, it is  the  residence of the Ambassador to the Holy See.
=540  \\$aPublication restricted (AAR copyright)$uhttp://photoarchive.aarome.org/index/rights.html
=506  \\$aClosed access material (Archive)$uhttp://photoarchive.aarome.org/index/use.html
=610  20$aAmerican Academy in Rome$xBuildings
=610  20$aVilla Richardson (Rome, Italy)$912016487
=651  \0$aJaniculum (Italy)$912401628
=655  \7$aPhotographic prints$2gmgpc
=662  \\$aItaly$bLazio$dRome$2tgn
=852  \\$aAmerican Academy in Rome$bPhotographic Archive$eRome, ITALY
=856  41$zAAR Photographic Archive Digital Collection$uhttp://photoarchive.aarome.org/index/index/tsk/mass
=907  \\$a.b12938130$b10-04-13$c30-01-07
=942  \\$cVMPHOTO$00
=998  \\$aa$b29-01-07$cm$dk$e-$fund$git $h0$i1
=999  \\$c102290$d102290
=952  \\$00$10$2gen$40$6AARBPROMEVR5$70$9102256$aAAROME$bAAROME$cphoto$d2007-02-01$g0.00$oAAR.BP.Rome.VR.5$p0102256$r2013-08-12$v0.00$w2013-08-12$yVMPHOTO
=952  \\$00$10$2gen$40$6AARBPROMEVR6$70$9128401$aAAROME$bAAROME$cphoto$d2011-04-28$g0.00$oAAR.BP.Rome.VR.6$p0128401$r2013-08-12$v0.00$w2013-08-12$yVMPHOTO

