=LDR  01607nkm a2200337 a 4500
=001  102291
=008  021231i19141925it\\\\\\\\\\\\\\\0knund\\
=037  \\$aAAR.Buildings.1103$bAAR$cFilm : b/w ; 9 x 12 cm
=037  \\$aAAR.Buildings.1103$bAAR$cAcetate film : b/w ; 6 x 7 cm -- Duplicate
=039  \\$a10949887
=040  \\$aItRAAR
=035  \\$a(OCoLC)80699161
=245  00$a[McKim, Mead & White building (Rome, Italy), lot n. 2 seen from Villa Richardson]$h[graphic]
=260  \\$c[between 1914 and 1925]
=300  \\$a1 photographic print :$bblack/white ;$c18 x 24 cm.
=500  \\$aPart of: American Academy in Rome Buildings Collection.
=540  \\$aPublication restricted (AAR copyright)$uhttp://photoarchive.aarome.org/index/rights.html
=506  \\$aClosed access material (Archive)$uhttp://photoarchive.aarome.org/index/use.html
=610  20$aAmerican Academy in Rome$xBuildings
=650  20$aVilla Richardson (Rome, Italy)$912016487
=610  20$aMcKim, Mead & White.$912382015
=650  \0$aArchitecture, Modern$y20th century$zItaly
=650  \0$aLandscape gardening.$912394275
=655  \7$aPhotographic prints$y1920-1930.$2gmgpc
=662  \\$aItaly$bLazio$dRome$2tgn
=856  41$zAAR Photographic Archive Digital Collection$uhttp://photoarchive.aarome.org/index/index/tsk/mass
=907  \\$a.b12938142$b14-02-13$c30-01-07
=942  \\$cVMPHOTO$00
=998  \\$aa$b29-01-07$cm$dk$e-$fund$git $h0$i1
=999  \\$c102291$d102291
=952  \\$00$10$2gen$40$6AARBPROMEMMW79$70$9102257$aAAROME$bAAROME$cphoto$d2007-02-01$g0.00$oAAR.BP.Rome.MMW.79$p0102257$r2013-08-12$v0.00$w2013-08-12$yVMPHOTO

