=LDR  01608nkm a2200337 a 4500
=001  102294
=007  kh\bo\\\\\\\\\\\\\\\\\
=008  030102q1920\\\\it\\\\\\\\\\\\\\\0knund\\
=037  \\$aAAR.Buildings.970b$bAAR$cAcetate negative : b/w ; 9 x 12 cm.
=037  \\$aAAR.Buildings.970b$bAAR$cAcetate negative : b/w ; 6 x 7 cm -- Duplicate
=039  \\$a10949892
=040  \\$aItRAAR
=035  \\$a(OCoLC)77673898
=245  00$a[McKim, Mead & White building (Rome, Italy), lot n. 2 seen from the terrace]$h[graphic]
=260  \\$c[1920?]
=300  \\$a1 photographic print :$bblack/white ;$c18 x 24 cm.
=500  \\$aPart of: American Academy in Rome Buildings Collection.
=540  \\$aPublication restricted (AAR copyright)$uhttp://photoarchive.aarome.org/index/rights.html
=506  \\$aClosed access material (Archive)$uhttp://photoarchive.aarome.org/index/use.html
=610  20$aAmerican Academy in Rome$xBuildings
=610  20$aMcKim, Mead & White building (Rome, Italy)$912009586
=600  10$aMcKim, Charles Follen,$d1847-1909$912382359
=650  \0$aArchitecture$y20th century$zItaly
=655  \7$aPhotographic prints$y1920-1930.$2gmgpc
=662  \\$aItaly$bLazio$dRome$2tgn
=856  41$zAAR Photographic Archive Digital Collection$uhttp://photoarchive.aarome.org/index/index/tsk/mass
=907  \\$a.b12938191$b14-02-13$c30-01-07
=942  \\$cVMPHOTO$00
=998  \\$aa$b29-01-07$cm$dk$e-$fund$git $h0$i1
=999  \\$c102294$d102294
=952  \\$00$10$2gen$40$6AARBPROMEMMW15$70$9102260$aAAROME$bAAROME$cphoto$d2007-02-01$g0.00$oAAR.BP.Rome.MMW.15$p0102260$r2013-08-12$v0.00$w2013-08-12$yVMPHOTO

