=LDR  01967nkm a2200397 a 4500
=001  102295
=007  kh\bo\\\\\\\\\\\\\\\\\
=008  030102n\\\\\\\\it\\\\\\\\\\\\\\\0knund\\
=037  \\$aAAR.Buildings.475$bAAR$cGlass plate : b/w ; 9 x 12 cm
=037  \\$aAAR.Buildings.475$bAAR$cAcetate film : b/w ; 6 x 7 cm -- Duplicate
=039  \\$a10949893
=040  \\$aItRAAR
=245  00$a[Siro-Maronite College (Rome, Italy), building under construction seen from  McKim, Mead & White  terrace]$h[graphic]
=260  \\$c[S.d.]
=300  \\$a1 photographic print :$bblack/white ;$c18 x 24 cm.
=500  \\$aPart of: American Academy in Rome Buildings Collection.
=500  \\$aNote on the envelope that included the print: "Ubaid's property".
=500  \\$aMons. Ubaid was the Maronite who formerly owned the property next the McKim, Mead and White building.
=540  \\$aPublication restricted (AAR copyright)$uhttp://photoarchive.aarome.org/index/rights.html
=506  \\$aClosed access material (Archive)$uhttp://photoarchive.aarome.org/index/use.html
=610  20$aSiro-Maronite College (Rome, Italy)
=610  20$aAmerican Academy in Rome$xBuildings
=610  24$aMcKim, Mead & White.$912382015
=650  \0$aArchitecture$y20th century$zItaly
=650  \0$aLandscape gardening.$912394275
=651  \0$aJaniculum (Italy)$912401628
=651  \0$aRome (Italy)$xBuildings, structures, etc.$y20th century
=655  \7$aPhotographic prints$2gmgpc
=662  \\$aItaly$bLazio$dRome$2tgn
=710  2\$aAmerican Academy in Rome$912378923
=856  41$zAAR Photographic Archive Digital Collection$uhttp://photoarchive.aarome.org/index/index/tsk/mass
=907  \\$a.b12938208$b10-04-13$c30-01-07
=942  \\$cVMPHOTO$00
=998  \\$aa$b29-01-07$cm$dk$e-$fund$git $h0$i1
=999  \\$c102295$d102295
=952  \\$00$10$2gen$40$6AARBPROMESIROM3$70$9102261$aAAROME$bAAROME$cphoto$d2007-02-01$g0.00$oAAR.BP.Rome.SiroM.3$p0102261$r2013-08-12$v0.00$w2013-08-12$yVMPHOTO

