=LDR  02043nkm a2200409 a 4500
=001  102296
=008  030102s1935\\\\it\\\\\\\\\\\\\\\0knund\\
=037  \\$aAAR.Buildings.755a$bAAR$cFilm : b/w ; 9 x 12 cm
=037  \\$aAAR.Buildings.755a$bAAR$cAcetate film : b/w ; 6 x 7 cm -- Duplicate
=039  \\$a10949894
=040  \\$aItRAAR
=035  \\$a(OCoLC)84027481
=245  00$a[Siro-Maronite College (Rome, Italy), building under construction seen from Villa Aurelia]$h[graphic]
=260  \\$c[ca. 1935]
=300  \\$a1 photographic print :$bblack/white ;$c18 x 24 cm.
=500  \\$aThe building, in via Masina n. 7,  is next to the McKim, Mead & White building.
=500  \\$aPart of: American Academy in Rome Buildings Collection.
=500  \\$aNote on the envelope that included the print: "Ubaid's property".
=500  \\$aMons. Ubaid was the Maronite who formerly owned the property next the McKim, Mead and White building.
=540  \\$aPublication restricted (AAR copyright)$uhttp://photoarchive.aarome.org/index/rights.html
=506  \\$aClosed access material (Archive)$uhttp://photoarchive.aarome.org/index/use.html
=610  20$aSiro-Maronite College (Rome, Italy)
=610  20$aAmerican Academy in Rome$xBuildings
=610  24$aMcKim, Mead & White.$912382015
=650  \0$aArchitecture$y20th century$zItaly
=650  \0$aLandscape gardening.$912394275
=651  \0$aJaniculum (Italy)$912401628
=651  \0$aRome (Italy)$xBuildings, structures, etc.$y20th century
=655  \7$aPhotographic prints$2gmgpc
=662  \\$aItaly$bLazio$dRome$2tgn
=710  2\$aAmerican Academy in Rome$912378923
=856  41$zAAR Photographic Archive Digital Collection$uhttp://photoarchive.aarome.org/index/index/tsk/mass
=907  \\$a.b1293821x$b10-04-13$c30-01-07
=942  \\$cVMPHOTO$00
=998  \\$aa$b29-01-07$cm$dk$e-$fund$git $h0$i1
=999  \\$c102296$d102296
=952  \\$00$10$2gen$40$6AARBPROMESIROM2$70$9102262$aAAROME$bAAROME$cphoto$d2007-02-01$g0.00$oAAR.BP.Rome.SiroM.2$p0102262$r2013-08-12$v0.00$w2013-08-12$yVMPHOTO

