=LDR  01669nkm a2200361 a 4500
=001  102298
=008  030102i19271930it\\\\\\\\\\\\\\\0knund\\
=037  \\$aAAR.Buildings.1290a$bAAR$cFilm : b/w ; 9 x 12 cm
=037  \\$aAAR.Buildings.1290a$bAAR$cAcetate film : b/w ; 6 x 7 cm -- Duplicate
=039  \\$a10949901
=040  \\$aItRAAR
=035  \\$a(OCoLC)83838051
=245  00$a[Via Giacomo Medici (Rome, Italy)]$h[graphic]
=260  \\$c[between 1927 and 1930]
=300  \\$a1 photographic print :$bblack/white ;$c18 x 24 cm.
=500  \\$aPart of: American Academy in Rome Buildings Collection.
=520  \\$aAt right, the Wall of Aurelian.
=540  \\$aPublication restricted (AAR copyright)$uhttp://photoarchive.aarome.org/index/rights.html
=506  \\$aClosed access material (Archive)$uhttp://photoarchive.aarome.org/index/use.html
=650  \0$aWall of Aurelian (Rome, Italy)$912402513
=651  \0$aVia Giacomo Medici (Rome, Italy)$912020295
=610  20$aAmerican Academy in Rome$xBuildings
=610  20$aMcKim, Mead & White.$912382015
=650  \0$aArchitecture, Modern$y20th century$zItaly
=650  \0$aLandscape gardening.$912394275
=655  \7$aPhotographic prints$y1920-1930.$2gmgpc
=662  \\$aItaly$bLazio$dRome$2tgn
=856  41$zAAR Photographic Archive Digital Collection$uhttp://photoarchive.aarome.org/index/index/tsk/mass
=907  \\$a.b12938282$b14-02-13$c30-01-07
=942  \\$cVMPHOTO$00
=998  \\$aa$b29-01-07$cm$dk$e-$fund$git $h0$i1
=999  \\$c102298$d102298
=952  \\$00$10$2gen$40$6AARBPROMEMMW81$70$9102264$aAAROME$bAAROME$cphoto$d2007-02-01$g0.00$oAAR.BP.Rome.MMW.81$p0102264$r2013-08-12$v0.00$w2013-08-12$yVMPHOTO

