=LDR  01814nkc a2200385 a 4500
=001  102301
=005  20150326070953.0
=008  030102i19271930it\\\\\\\\\\\\\\\0knund\\
=035  \\$a(OCoLC)83838051
=037  \\$aAAR.Buildings.1290c$bAAR$cFilm : b/w ; 9 x 12 cm
=037  \\$aAAR.Buildings.1290c$bAAR$cAcetate film : b/w ; 6 x 7 cm -- Duplicate
=039  \\$a10949904
=040  \\$aItRAAR$cItRAAR
=245  00$a[Via Giacomo Medici (Rome, Italy)]$h[graphic]
=260  \\$c[between 1927 and 1930]
=300  \\$a1 photographic prints :$bblack/white ;$c18 x 24 cm.
=500  \\$aPart of: American Academy in Rome Buildings Collection.
=506  \\$aClosed access material (Archive)$uhttp://photoarchive.aarome.org/index/use.html
=520  \\$aAt left, Villino Bellacci.
=540  \\$aPublication restricted (AAR copyright)$uhttp://photoarchive.aarome.org/index/rights.html
=610  20$aMcKim, Mead & White.$912382015
=610  20$aAmerican Academy in Rome$xBuildings
=650  \0$aArchitecture, Modern$y20th century$zItaly
=650  \0$aLandscape gardening.$912394275
=651  \0$aVia Giacomo Medici (Rome, Italy)$912020295
=651  \0$aJaniculum (Italy)$912401628
=655  \7$aPhotographic prints$y1920-1930.$2gmgpc
=662  \\$aItaly$bLazio$dRome$2tgn
=856  41$zAAR Photographic Archive Digital Collection$uhttp://staging.idra.info/
=907  \\$a.b12938312$b10-04-13$c30-01-07
=942  \\$cVMPHOTO$00$2lcc
=998  \\$b29-01-07$cc$dk$i2
=999  \\$c102301$d102301
=952  \\$00$10$2gen$40$6AARBPROMEMMW83$70$9102267$aAAROME$bAAROME$cphoto$d2007-02-01$g0.00$oAAR.BP.Rome.MMW.83$p0102267$r2013-08-12$v0.00$w2013-08-12$yVMPHOTO
=952  \\$00$10$2gen$40$6AARBPROMEMMW82$70$9102268$aAAROME$bAAROME$cphoto$d2007-02-01$g0.00$oAAR.BP.Rome.MMW.82$p0102268$r2013-08-12$v0.00$w2013-08-12$yVMPHOTO

