=LDR  01660nkm a2200361 a 4500
=001  102311
=007  kh\bo\\\\\\\\\\\\\\\\\
=008  030107s1959\\\\it\\\\\\\\\\\\\\\0knund\\
=039  \\$a10950002
=040  \\$aItRAAR
=035  \\$a(OCoLC)80869183
=110  2\$aEnte topografico aerofotogrammetrico$912642471
=245  10$a[Rome (Italy), aerial view of the American Academy buildings and grounds on the Janiculum]$h[graphic]
=260  \\$c1959.
=300  \\$a1 photographic print :$bblack/white ;$c18 x 24 cm.
=500  \\$aPart of: American Academy in Rome Buildings Collection.
=540  \\$aPublication restricted (AAR copyright)$uhttp://photoarchive.aarome.org/index/rights.html
=506  \\$aClosed access material (Archive)$uhttp://photoarchive.aarome.org/index/use.html
=610  20$aAmerican Academy in Rome$xBuildings
=610  24$aMcKim, Mead & White.$912382015
=650  \0$aArchitecture$y20th century$zItaly
=651  \0$aJaniculum (Italy)$912401628
=651  \0$aRome (Italy)$xBuildings, structures, etc.$y20th century
=655  \7$aAerial photographs$y1950-1960.$2gmgpc
=655  \7$aPhotographic prints$2gmgpc
=662  \\$aItaly$bLazio$dRome$2tgn
=710  2\$aAmerican Academy in Rome$912378923
=856  41$zAAR Photographic Archive Digital Collection$uhttp://photoarchive.aarome.org/index/index/tsk/mass
=907  \\$a.b12939183$b10-04-13$c30-01-07
=942  \\$cVMPHOTO$00
=998  \\$aa$b29-01-07$cm$dk$e-$fund$git $h0$i1
=999  \\$c102311$d102311
=952  \\$00$10$2gen$40$6AARBPROMESITEAERIALV2$70$9102277$aAAROME$bAAROME$cphoto$d2007-02-01$g0.00$oAAR.BP.Rome.Site.AerialV.2$p0102277$r2013-08-12$v0.00$w2013-08-12$yVMPHOTO

