=LDR  01865nkc a2200373 a 4500
=001  102312
=007  kh\bo\\\\\\\\\\\\\\\\\
=008  030108q1972\\\\it\\\\\\\\\\\\\\\0knund\\
=037  \\$aFUN.14434 F$bAAR$cAcetate negative : b/w ; 9 x 12 cm.
=039  \\$a10950044
=040  \\$aItRAAR
=035  \\$a(OCoLC)82562280
=245  10$a[Rome (Italy), aerial view of the American Academy buildings and grounds on the Janiculum]$h[graphic]
=260  \\$c[1972?]
=300  \\$a2 photographic prints :$bblack/white ;$c18 x 28 cm and 19 x 25 cm.
=500  \\$aPart of: American Academy in Rome Buildings Collection.
=540  \\$aPublication restricted (AAR copyright)$uhttp://photoarchive.aarome.org/index/rights.html
=506  \\$aClosed access material (Archive)$uhttp://photoarchive.aarome.org/index/use.html
=610  20$aAmerican Academy in Rome$xBuildings
=610  24$aMcKim, Mead & White.$912382015
=650  \0$aArchitecture$y20th century$zItaly
=651  \0$aJaniculum (Italy)$912401628
=651  \0$aRome (Italy)$xBuildings, structures, etc.$y20th century
=655  \7$aAerial photographs$y1970-1980.$2gmgpc
=655  \7$aPhotographic prints$2gmgpc
=662  \\$aItaly$bLazio$dRome$2tgn
=710  2\$aAmerican Academy in Rome$912378923
=856  41$zAAR Photographic Archive Digital Collection$uhttp://photoarchive.aarome.org/index/index/tsk/mass
=907  \\$a.b12939560$b10-04-13$c30-01-07
=942  \\$cVMPHOTO$00
=998  \\$aa$b29-01-07$cc$dk$e-$fund$git $h0$i2
=999  \\$c102312$d102312
=952  \\$00$10$2gen$40$6AARBPROMESITEAERIALV3$70$9102278$aAAROME$bAAROME$cphoto$d2007-02-01$g0.00$oAAR.BP.Rome.Site.AerialV.3$p0102278$r2013-08-12$v0.00$w2013-08-12$yVMPHOTO
=952  \\$00$10$2gen$40$6AARBPROMESITEAERIALV4$70$9102279$aAAROME$bAAROME$cphoto$d2007-02-01$g0.00$oAAR.BP.Rome.Site.AerialV.4$p0102279$r2013-08-12$v0.00$w2013-08-12$yVMPHOTO

