=LDR  01547nkm a2200313 a 4500
=001  102315
=007  kh\bo\\\\\\\\\\\\\\\\\
=008  030108s1921\\\\it\\\\\\\\\\\\\\\0knund\\
=037  \\$aAAR.Buildings.438$bAAR$cGlass negative : b/w ; 9 x 12 cm.
=037  \\$aAAR.Buildings.438$bAAR$cAcetate negative : b/w ; 6 x 7 cm -- Duplicate
=039  \\$a10950062
=040  \\$aItRAAR
=245  00$a[McKim, Mead & White building (Rome, Italy), workers near the fountain in the Founders' courtyard after the installation]$h[graphic]
=260  \\$c[1921]
=300  \\$a1 photographic print :$bblack/white ;$c18 x 24 cm.
=500  \\$aPart of: American Academy in Rome Buildings Collection.
=540  \\$aPublication restricted (AAR copyright)$uhttp://photoarchive.aarome.org/index/rights.html
=506  \\$aClosed access material (Archive)$uhttp://photoarchive.aarome.org/index/use.html
=600  10$aMcKim, Charles Follen,$d1847-1909$912382359
=610  20$aAmerican Academy in Rome$xBuildings
=650  \0$aArchitecture$y20th century$zItaly
=655  \7$aPhotographic prints$y1920-1930.$2gmgpc
=662  \\$aItaly$bLazio$dRome$2tgn
=856  41$zAAR Photographic Archive Digital Collection$uhttp://photoarchive.aarome.org/index/index/tsk/mass
=907  \\$a.b12939717$b14-02-13$c30-01-07
=942  \\$cVMPHOTO$00
=998  \\$aa$b29-01-07$cm$dk$e-$fund$git $h0$i1
=999  \\$c102315$d102315
=952  \\$00$10$2gen$40$6AARBPROMEMMW28$70$9102281$aAAROME$bAAROME$cphoto$d2007-02-01$g0.00$oAAR.BP.Rome.MMW.28$p0102281$r2013-08-12$v0.00$w2013-08-12$yVMPHOTO

