=LDR  01517nkm a2200325 a 4500
=001  102344
=007  kh\bo\\\\\\\\\\\\\\\\\
=008  030114s1914\\\\it\\\\\\\\\\\\\\\0knund\\
=039  \\$a10950961
=040  \\$aItRAAR
=035  \\$a(OCoLC)77891480
=245  00$a[McKim, Mead & White building (Rome, Italy) under construction, seen from Villa Aurelia]$h[graphic]
=260  \\$c[1914]
=300  \\$a1 photographic print :$bblack/white ;$c13 x 18 cm.
=500  \\$aPart of: American Academy in Rome Buildings Collection.
=510  4\$aAAR Annual Report for the yaer ending Febr. 1914$cfrontispiece
=540  \\$aPublication restricted (AAR copyright)$uhttp://photoarchive.aarome.org/index/rights.html
=506  \\$aClosed access material (Archive)$uhttp://photoarchive.aarome.org/index/use.html
=600  10$aMcKim, Charles Follen,$d1847-1909$912382359
=610  20$aAmerican Academy in Rome$xBuildings
=610  24$aMcKim, Mead & White.$912382015
=650  \0$aArchitecture, Modern$y20th century$zItaly
=655  \7$aPhotographic prints$y1910-1920.$2gmgpc
=662  \\$aItaly$bLazio$dRome$2tgn
=856  41$zAAR Photographic Archive Digital Collection$uhttp://photoarchive.aarome.org/index/index/tsk/mass
=907  \\$a.b12945687$b14-02-13$c30-01-07
=942  \\$cVMPHOTO$00
=998  \\$aa$b29-01-07$cm$dk$e-$fund$git $h0$i1
=999  \\$c102344$d102344
=952  \\$00$10$2gen$40$6AARBPROMEMMW7$70$9102310$aAAROME$bAAROME$cphoto$d2007-02-01$g0.00$oAAR.BP.Rome.MMW.7$p0102310$r2013-08-12$v0.00$w2013-08-12$yVMPHOTO

