=LDR  01697nkm a2200361 a 4500
=001  102358
=007  kh\bo\\\\\\\\\\\\\\\\\
=008  030116q1925\\\\it\\\\\\\\\\\\\\\0knund\\
=037  \\$aAAR.Buildings.971$bAAR$cAcetate negative : b/w ; 9 x 12 cm.
=037  \\$aAAR.Buildings.971$bAAR$cAcetate negative : b/w ; 6 x 7 cm -- Duplicate
=039  \\$a10951189
=040  \\$aItRAAR
=035  \\$a(OCoLC)84059812
=245  00$a[McKim, Mead & White building (Rome, Italy), main façade seen from Villa Aurelia]$h[graphic]
=260  \\$c[1925?]
=300  \\$a1 photographic print :$bblack/white ;$c18 x 24 cm.
=500  \\$aPart of: American Academy in Rome Buildings Collection.
=540  \\$aPublication restricted (AAR copyright)$uhttp://photoarchive.aarome.org/index/rights.html
=506  \\$aClosed access material (Archive)$uhttp://photoarchive.aarome.org/index/use.html
=600  10$aMcKim, Charles Follen,$d1847-1909$912382359
=610  20$aAmerican Academy in Rome$xBuildings
=610  24$aMcKim, Mead & White.$912382015
=650  \0$aArchitecture, Modern$y20th century$zItaly
=650  \0$aLandscape gardening.$912394275
=655  \7$aPhotographic prints$y1920-1930.$2gmgpc
=662  \\$aItaly$bLazio$dRome$2tgn
=700  1\$aManship, Paul,$d1885-1966$910068441
=856  41$zAAR Photographic Archive Digital Collection$uhttp://photoarchive.aarome.org/index/index/tsk/mass
=907  \\$a.b1294788x$b14-02-13$c30-01-07
=942  \\$cVMPHOTO$00
=998  \\$aa$b29-01-07$cm$dk$e-$fund$git $h0$i1
=999  \\$c102358$d102358
=952  \\$00$10$2gen$40$6AARBPROMEMMW59$70$9102324$aAAROME$bAAROME$cphoto$d2007-02-01$g0.00$oAAR.BP.Rome.MMW.59$p0102324$r2013-08-12$v0.00$w2013-08-12$yVMPHOTO

