=LDR  01751nkc a2200361 a 4500
=001  102359
=007  kh\bo\\\\\\\\\\\\\\\\\
=008  030116i19501951it\\\\\\\\\\\\\\\0knund\\
=037  \\$aAAR.Buildings.2325$bAAR$cAcetate negative : b/w ; 9 x 12 cm.
=039  \\$a10951194
=040  \\$aItRAAR
=245  00$a[McKim, Mead & White building (Rome, Italy) seen from Villa Aurelia]$h[graphic]
=260  \\$c[between 1950 and 1951]
=300  \\$a1 photographic print :$bblack/white ;$c18 x 24 cm.
=500  \\$aPart of: American Academy in Rome Buildings Collection.
=500  \\$aPrints are variants.
=510  4\$aAAR Annual Report$c1943-1951
=540  \\$aPublication restricted (AAR copyright)$uhttp://photoarchive.aarome.org/index/rights.html
=506  \\$aClosed access material (Archive)$uhttp://photoarchive.aarome.org/index/use.html
=610  20$aAmerican Academy in Rome$xBuildings
=610  20$aMcKim, Mead & White.$912382015
=650  \0$aArchitecture$y20th century$zItaly
=650  \0$aLandscape gardening$912394275
=651  \0$aJaniculum (Italy)$912401628
=655  \7$aPhotographic prints$y1950-1960.$2gmgpc
=662  \\$aItaly$bLazio$dRome$2tgn
=856  41$zAAR Photographic Archive Digital Collection$uhttp://photoarchive.aarome.org/index/index/tsk/mass
=907  \\$a.b12947933$b10-04-13$c30-01-07
=942  \\$cVMPHOTO$00
=998  \\$aa$b29-01-07$cc$dk$e-$fund$git $h0$i2
=999  \\$c102359$d102359
=952  \\$00$10$2gen$40$6AARBPROMEMMW98$70$9102325$aAAROME$bAAROME$cphoto$d2007-02-01$g0.00$oAAR.BP.Rome.MMW.98$p0102325$r2013-08-12$v0.00$w2013-08-12$yVMPHOTO
=952  \\$00$10$2gen$40$6AARBPROMEMMW99$70$9102326$aAAROME$bAAROME$cphoto$d2007-02-01$g0.00$oAAR.BP.Rome.MMW.99$p0102326$r2013-08-12$v0.00$w2013-08-12$yVMPHOTO

