=LDR  01658nkm a2200349 a 4500
=001  102362
=007  kh\bo\\\\\\\\\\\\\\\\\
=008  030116s1914\\\\it\\\\\\\\\\\\\\\0knund\\
=037  \\$aAAR.Buildings.471$bAAR$cGlass negative : b/w ; 9 x 12 cm
=037  \\$aAAR.Buildings.471$bAAR$cacetate film : b/w ; 6 x 7 cm -- Duplicate
=039  \\$a10951205
=040  \\$aItRAAR
=035  \\$a(OCoLC)80443785
=245  00$a[McKim, Mead & White building (Rome, Italy), front terrace]$h[graphic]
=260  \\$c[1914]
=300  \\$a1 photographic print :$bblack/white ;$c18 x 24 cm.
=500  \\$aPart of: American Academy in Rome Buildings Collection.
=500  \\$aOn the envelope that contained the glass plate: "Van Buren".
=540  \\$aPublication restricted (AAR copyright)$uhttp://photoarchive.aarome.org/index/rights.html
=506  \\$aClosed access material (Archive)$uhttp://photoarchive.aarome.org/index/use.html
=610  20$aAmerican Academy in Rome$xBuildings
=610  20$aMcKim, Mead & White building (Rome, Italy)$912009586
=600  10$aMcKim, Charles Follen,$d1847-1909$912382359
=650  \0$aArchitecture$y20th century$zItaly
=655  \7$aPhotographic prints$y1920-1930.$2gmgpc
=662  \\$aItaly$bLazio$dRome$2tgn
=856  41$zAAR Photographic Archive Digital Collection$uhttp://photoarchive.aarome.org/index/index/tsk/mass
=907  \\$a.b12948020$b14-02-13$c30-01-07
=942  \\$cVMPHOTO$00
=998  \\$aa$b29-01-07$cm$dk$e-$fund$git $h0$i1
=999  \\$c102362$d102362
=952  \\$00$10$2gen$40$6AARBPROMEMMW17$70$9102328$aAAROME$bAAROME$cphoto$d2007-02-01$g0.00$oAAR.BP.Rome.MMW.17$p0102328$r2013-08-12$v0.00$w2013-08-12$yVMPHOTO

