=LDR  01599nkm a2200337 a 4500
=001  102457
=007  kh\bo\\\\\\\\\\\\\\\\\
=008  030124i19201926it\\\\\\\\\\\\\\\0knund\\
=037  \\$aAAR.Buildings.172i$bAAR$cGlass negative : b/w ; 12 x 27 cm.
=037  \\$aAAR.Buildings.172i$bAAR$cAcetate negative : b/w ; 6 x 7 cm -- Duplicate
=039  \\$a10952105
=040  \\$aItRAAR
=245  00$a[McKim, Mead & White building (Rome, Italy), south façade]$h[graphic]
=260  \\$c[between 1914 and 1915]
=300  \\$a1 photographic print :$bblack/white ;$c18 x 24 cm.
=500  \\$aPart of: American Academy in Rome Buildings Collection.
=540  \\$aPublication restricted (AAR copyright)$uhttp://photoarchive.aarome.org/index/rights.html
=506  \\$aClosed access material (Archive)$uhttp://photoarchive.aarome.org/index/use.html
=600  10$aMcKim, Charles Follen,$d1847-1909$912382359
=610  20$aAmerican Academy in Rome$xBuildings
=610  24$aMcKim, Mead & White.$912382015
=650  \0$aArchitecture$y20th century$zItaly
=650  \0$aLandscape gardening.$912394275
=655  \7$aPhotographic prints$y1910-1920.$2gmgpc
=662  \\$aItaly$bLazio$dRome$2tgn
=856  41$zAAR Photographic Archive Digital Collection$uhttp://photoarchive.aarome.org/index/index/tsk/mass
=907  \\$a.b12955711$b14-02-13$c30-01-07
=942  \\$cVMPHOTO$00
=998  \\$aa$b29-01-07$cm$dk$e-$fund$git $h0$i1
=999  \\$c102457$d102457
=952  \\$00$10$2gen$40$6AARBPROMEMMW14$70$9102423$aAAROME$bAAROME$cphoto$d2007-02-01$g0.00$oAAR.BP.Rome.MMW.14$p0102423$r2013-08-12$v0.00$w2013-08-12$yVMPHOTO

