=LDR  01624nkc a2200337 a 4500
=001  102477
=007  kh\bo\\\\\\\\\\\\\\\\\
=008  030128s1914\\\\it\\\\\\\\\\\\\\\0knund\\
=037  \\$aAAR.Buildings.577a$bAAR$cGlass negative : b/w ; 21 x 27 cm.
=037  \\$aAAR.Buildings.577a$bAAR$cAcetate negative : b/w ; 6 x 7 cm -- Duplicate
=039  \\$a10952375
=040  \\$aItRAAR
=245  00$a[McKim, Mead & White building (Rome, Italy), Mr. McVeagh presenting "the alone pine"]$h[graphic]
=260  \\$c[1916]
=300  \\$a1 photographic print :$bblack/white ;$c8 x 11 cm
=500  \\$aPrints are variants.
=500  \\$aPart of: American Academy in Rome Buildings Collection.
=540  \\$aPublication restricted (AAR copyright)$uhttp://photoarchive.aarome.org/index/rights.html
=506  \\$aClosed access material (Archive)$uhttp://photoarchive.aarome.org/index/use.html
=610  20$aAmerican Academy in Rome$xBuildings
=610  20$aMcKim, Mead & White building (Rome, Italy)$912009586
=600  10$aMcKim, Charles Follen,$d1847-1909$912382359
=650  \0$aArchitecture$y20th century$zItaly
=655  \7$aPhotographic prints$y1920-1930.$2gmgpc
=662  \\$aItaly$bLazio$dRome$2tgn
=856  41$zAAR Photographic Archive Digital Collection$uhttp://photoarchive.aarome.org/index/index/tsk/mass
=907  \\$a.b12957926$b14-02-13$c30-01-07
=942  \\$cVMPHOTO$00
=998  \\$aa$b29-01-07$cc$dk$e-$fund$git $h0$i3
=999  \\$c102477$d102477
=952  \\$00$10$2gen$40$6AARBPROMEMMW18VP$70$9102443$aAAROME$bAAROME$cphoto$d2007-02-01$g0.00$oAAR.BP.Rome.MMW.18(VP)$p0102443$r2013-08-12$v0.00$w2013-08-12$yVMPHOTO

