=LDR  01496nkm a2200325 a 4500
=001  102480
=007  kh\bo\\\\\\\\\\\\\\\\\
=008  030128i19211925it\\\\\\\\\\\\\\\0knund\\
=037  \\$aAAR.Buildings.342$bAAR
=039  \\$a10952382
=040  \\$aItRAAR
=035  \\$a(OCoLC)82575517
=245  00$a[McKim, Mead & White building (Rome, Italy), south arcades of the Founders' courtyard]$h[graphic]
=260  \\$c[1921-1925]
=300  \\$a1 photographic print :$bblack/white ;$c20 x 26 cm.
=500  \\$aPart of: American Academy in Rome Buildings Collection.
=518  \\$aProbably taken during the Annual Exhibition in 1929.
=540  \\$aPublication restricted (AAR copyright)$uhttp://photoarchive.aarome.org/index/rights.html
=506  \\$aClosed access material (Archive)$uhttp://photoarchive.aarome.org/index/use.html
=600  10$aMcKim, Charles Follen,$d1847-1909$912382359
=610  20$aAmerican Academy in Rome$xBuildings
=650  \0$aArchitecture$y20th century$zItaly
=655  \7$aPhotographic prints$y1920-1930.$2gmgpc
=662  \\$aItaly$bLazio$dRome$2tgn
=856  41$zAAR Photographic Archive Digital Collection$uhttp://photoarchive.aarome.org/index/index/tsk/mass
=907  \\$a.b12957975$b14-02-13$c30-01-07
=942  \\$cVMPHOTO$00
=998  \\$aa$b29-01-07$cm$dk$e-$fund$git $h0$i1
=999  \\$c102480$d102480
=952  \\$00$10$2gen$40$6AARBPROMEMMW35$70$9102446$aAAROME$bAAROME$cphoto$d2007-02-01$g0.00$oAAR.BP.Rome.MMW.35$p0102446$r2013-08-12$v0.00$w2013-08-12$yVMPHOTO

