=LDR  01338nkm a2200265 a 4500
=001  102482
=007  kh\bo\\\\\\\\\\\\\\\\\
=008  030128s1929\\\\it\\\\\\\\\\\\\\\0knund\\
=039  \\$a10952386
=040  \\$aItRAAR
=245  00$a[McKim, Mead & White building (Rome, Italy), east arcades of the Founders' courtyard, when the casts were arranged there (after 1921)]$h[graphic]
=260  \\$c[1921]
=300  \\$a1 photographic print :$bblack/white ;$c20 x 26 cm.
=500  \\$aPart of: American Academy in Rome Buildings Collection.
=500  \\$aProbably taken during the Annual Exhibition in 1929.
=540  \\$aPublication restricted (AAR copyright)$uhttp://photoarchive.aarome.org/index/rights.html
=506  \\$aClosed access material (Archive)$uhttp://photoarchive.aarome.org/index/use.html
=610  20$aAmerican Academy in Rome$xBuildings
=610  20$aMcKim, Mead & White building (Rome, Italy)$912009586
=856  41$zAAR Photographic Archive Digital Collection$uhttp://photoarchive.aarome.org/index/index/tsk/mass
=907  \\$a.b12958013$b14-02-13$c30-01-07
=942  \\$cVMPHOTO$00
=998  \\$aa$b29-01-07$cm$dk$e-$fund$git $h0$i1
=999  \\$c102482$d102482
=952  \\$00$10$2gen$40$6AARBPROMEMMW34VP$70$9102448$aAAROME$bAAROME$cphoto$d2007-02-01$g0.00$oAAR.BP.Rome.MMW.34(VP)$p0102448$r2013-08-12$v0.00$w2013-08-12$yVMPHOTO

