=LDR  01733nkm a2200349 a 4500
=001  102487
=007  kh\bo\\\\\\\\\\\\\\\\\
=008  030129q1920\\\\it\\\\\\\\\\\\\\\0knund\\
=037  \\$a92$bAAR$cGlass negative : b/w ; 21 x 27 cm.
=037  \\$aAAR.Buildings.92$bAAR$cAcetate negative : b/w ; 6 x 7 cm -- Duplicate
=039  \\$a10952483
=040  \\$aItRAAR
=035  \\$a(OCoLC)78545983
=245  00$a[McKim, Mead & White building (Rome, Italy), arcade of the Founders' courtyard before the erection of the Trasher-Ward Memorial]$h[graphic]
=260  \\$c[1920?]
=300  \\$a1 photographic print :$bblack/white ;$c24 x 18 cm.
=500  \\$aTitle from manuscript note on the envelope that included the glass negative.
=500  \\$aPart of: American Academy in Rome Buildings Collection.
=540  \\$aPublication restricted (AAR copyright)$uhttp://photoarchive.aarome.org/index/rights.html
=506  \\$aClosed access material (Archive)$uhttp://photoarchive.aarome.org/index/use.html
=600  10$aMcKim, Charles Follen,$d1847-1909$912382359
=610  20$aAmerican Academy in Rome$xBuildings
=610  20$aMcKim, Mead & White building (Rome, Italy)$912009586
=650  \0$aArchitecture$y20th century$zItaly
=655  \7$aPhotographic prints$y1910-1920$2gmgpc
=662  \\$aItaly$bLazio$dRome$2tgn
=856  41$zAAR Photographic Archive Digital Collection$uhttp://photoarchive.aarome.org/index/index/tsk/mass
=907  \\$a.b12958876$b14-02-13$c30-01-07
=942  \\$cVMPHOTO$00
=998  \\$aa$b29-01-07$cm$dk$e-$fund$git $h0$i1
=999  \\$c102487$d102487
=952  \\$00$10$2gen$40$6AARBPROMEMMW24$70$9102453$aAAROME$bAAROME$cphoto$d2007-02-01$g0.00$oAAR.BP.Rome.MMW.24$p0102453$r2013-08-12$v0.00$w2013-08-12$yVMPHOTO

