=LDR  01641nkm a2200349 a 4500
=001  102488
=005  20150326071002.0
=007  kh\bo\\\\\\\\\\\\\\\\\
=008  030129s1921\\\\it\\\\\\\\\\\\\\\0knund\\
=037  \\$a105$bAAR$cGlass negative : b/w ; 6 x 9 cm.
=037  \\$aAAR.Buildings.105$bAAR$cAcetate negative : b/w ; 6 x 7 cm -- Duplicate
=039  \\$a10952485
=040  \\$aItRAAR
=245  00$a[McKim, Mead & White building (Rome, Italy), Entrance Vestibule, East arcades]$h[graphic]
=260  \\$c[1915]
=300  \\$a1 photographic print :$bblack/white ;$c18 x 24 cm.
=500  \\$aProbably taken during the Annual Exhibition in 1916.
=500  \\$aPart of: American Academy in Rome Buildings Collection.
=506  \\$aClosed access material (Archive)$uhttp://photoarchive.aarome.org/index/use.html
=540  \\$aPublication restricted (AAR copyright)$uhttp://photoarchive.aarome.org/index/rights.html
=600  10$aMcKim, Charles Follen,$d1847-1909$912382359
=610  20$aAmerican Academy in Rome$xBuildings
=610  20$aMcKim, Mead & White building (Rome, Italy)$912009586
=650  \0$aArchitecture$y20th century$zItaly
=655  \7$aPhotographic prints$y1910-1920$2gmgpc
=662  \\$aItaly$bLazio$dRome$2tgn
=856  41$zAAR Photographic Archive Digital Collection$uhttp://photoarchive.aarome.org/index/index/tsk/mass
=907  \\$a.b1295889x$b14-02-13$c30-01-07
=942  \\$cVMPHOTO$00$2lcc
=998  \\$b29-01-07$cm$dk$i1
=999  \\$c102488$d102488
=952  \\$00$10$2gen$40$6AARBPROMEMMW25$70$9102454$aAAROME$bAAROME$cphoto$d2007-02-01$g0.00$oAAR.BP.Rome.MMW.25$p0102454$r2013-08-12$v0.00$w2013-08-12$yVMPHOTO

