=LDR  01512nkm a2200313 a 4500
=001  102489
=007  kh\bo\\\\\\\\\\\\\\\\\
=008  030129i19601970it\\\\\\\\\\\\\\\0knund\\
=039  \\$a10952497
=040  \\$aItRAAR
=245  00$a[McKim, Mead & White building (Rome, Italy), arcade  of the Founders' courtyard from the vestibule]$h[graphic]
=260  \\$c[1960-1970]
=300  \\$a1 photographic print :$bblack/white ;$c24 x 18 cm.
=500  \\$aPart of: American Academy in Rome Buildings Collection.
=510  3\$aHistory of the American Academy in Rome, 1915,$cp. 9
=540  \\$aPublication restricted (AAR copyright)$uhttp://photoarchive.aarome.org/index/rights.html
=506  \\$aClosed access material (Archive)$uhttp://photoarchive.aarome.org/index/use.html
=610  20$aAmerican Academy in Rome$xBuildings
=610  20$aMcKim, Mead & White building (Rome, Italy)$912009586
=610  24$aMcKim, Mead & White.$912382015
=650  \0$aArchitecture, Modern$y20th century$zUnited States
=655  \7$aPhotographic prints$y1960-1970.$2gmgpc
=662  \\$aItaly$bLazio$dRome$2tgn
=856  41$zAAR Photographic Archive Digital Collection$uhttp://photoarchive.aarome.org/index/index/tsk/mass
=907  \\$a.b12958980$b14-02-13$c30-01-07
=942  \\$cVMPHOTO$00
=998  \\$aa$b29-01-07$cm$dk$e-$fund$git $h0$i1
=999  \\$c102489$d102489
=952  \\$00$10$2gen$40$6AARBPROMEMMW108$70$9102455$aAAROME$bAAROME$cphoto$d2007-02-01$g0.00$oAAR.BP.Rome.MMW.108$p0102455$r2013-08-12$v0.00$w2013-08-12$yVMPHOTO

