=LDR  01748nkm a2200361 a 4500
=001  102525
=007  kh\bo\\\\\\\\\\\\\\\\\
=008  030212q1900\\\\it\\\\\\\\\\\\\\\0knund\\
=037  \\$aAAR.Buildings.143$bAAR$cFilm negative : b/w ; 2 x 4 cm.
=039  \\$a10953499
=040  \\$aItRAAR
=100  1\$aWarde-Jones, C.
=245  10$a[Palazzo Boncompagni-Ludovisi (Rome, Italy), external view]$h[graphic]
=260  \\$c[1900?]
=300  \\$a1 photographic print :$bblack/white ;$c24 x 18 cm.
=500  \\$aPart of: American Academy in Rome Buildings Collection.
=500  \\$aOn verso of the print: C. Warde-Jones.
=500  \\$aPalazzo Boncompagni-Ludovisi housed the American School of Architecture and the American School of Classical Studies in 1895.
=540  \\$aPublication restricted (AAR copyright)$uhttp://photoarchive.aarome.org/index/rights.html
=506  \\$aClosed access material (Archive)$uhttp://photoarchive.aarome.org/index/use.html
=610  20$aPalazzo Boncompagni-Ludovisi (Rome, Italy)
=610  20$aAmerican Academy in Rome$xBuildings
=650  \0$aArchitecture$y20th century$zItaly
=651  \0$aRome (Italy)$xBuildings, structures, etc.$y20th century
=655  \7$aPhotographic prints$y1900-1910.$2gmgpc
=662  \\$aItaly$bLazio$dRome$2tgn
=710  2\$aAmerican Academy in Rome$912378923
=856  41$zAAR Photographic Archive Digital Collection$uhttp://photoarchive.aarome.org/index/index/tsk/mass
=907  \\$a.b1296766x$b14-02-13$c30-01-07
=942  \\$cVMPHOTO$00
=998  \\$aa$b29-01-07$cm$dk$e-$fund$git $h0$i1
=999  \\$c102525$d102525
=952  \\$00$10$2gen$40$6AARBPROMEPABL1$70$9102491$aAAROME$bAAROME$cphoto$d2007-02-01$g0.00$oAAR.BP.Rome.PaBL.1$p0102491$r2013-08-12$v0.00$w2013-08-12$yVMPHOTO

