=LDR  01744nkm a2200349 a 4500
=001  102527
=007  kh\bo\\\\\\\\\\\\\\\\\
=008  030212s2003\\\\it\\\\\\\\\\\\\\\0knund\\
=039  \\$a10953515
=040  \\$aItRAAR
=035  \\$a(OCoLC)84412186
=245  10$a[Villa Mirafiori (Rome, Italy), painting of the garden by Frederic Crownshied]$h[graphic]
=260  \\$c2003
=300  \\$a1 photographic print :$bblack/white ;$c18 x 24 cm.
=500  \\$aCopyright: SLA Historical Collection.
=500  \\$aPart of: American Academy in Rome Buildings Collection.
=520  \\$aVilla Mirafiori housed the American Academy in Rome from 1904 to 1914; F. Crowninshield was director from 1909 to 1912.
=534  \\$pPainting$aCrownishield, Frederic$c1910.$lStockbridge Library Association
=540  \\$aPublication restricted (AAR copyright)$uhttp://photoarchive.aarome.org/index/rights.html
=506  \\$aClosed access material (Archive)$uhttp://photoarchive.aarome.org/index/use.html
=610  20$aAmerican Academy in Rome$xBuildings
=610  20$aVilla Mirafiori (Rome, Italy)$912018983
=655  \7$aPhotographic prints$y2000-2010.$2gmgpc$912643463
=662  \\$aItaly$bLazio$dRome$2tgn
=700  1\$aCrowninshield, Frederic,$d1845-1918$912386179
=852  \\$aAmerican Academy in Rome$bPhotographic Archive$eRome, ITALY
=856  41$zAAR Photographic Archive Digital Collection$uhttp://photoarchive.aarome.org/index/index/tsk/mass
=907  \\$a.b12967804$b14-02-13$c30-01-07
=942  \\$cVMPHOTO$00
=998  \\$aa$b29-01-07$cm$dk$e-$fund$git $h0$i1
=999  \\$c102527$d102527
=952  \\$00$10$2gen$40$6AARBPROMEVMI6$70$9102493$aAAROME$bAAROME$cphoto$d2007-02-01$g0.00$oAAR.BP.Rome.VMi.6$p0102493$r2013-08-12$v0.00$w2013-08-12$yVMPHOTO

