=LDR  01713nkm a2200361 a 4500
=001  102697
=007  kh\bo\\\\\\\\\\\\\\\\\
=008  030325i19201930it\\\\\\\\\\\\\\\0knund\\
=037  \\$aAAR.Buildings.470$bAAR$cAcetate negative : b/w ; 9 x 12 cm.
=037  \\$aAAR.Buildings.470$bAAR$cAcetate negative : b/w ; 6 x 7 cm -- Duplicate
=039  \\$a10957862
=040  \\$aItRAAR
=035  \\$a(OCoLC)83304437
=245  00$a[McKim, Mead & White building (Rome, Italy), the garden along the East façade]$h[graphic]
=260  \\$c[between 1920 and 1930?]
=300  \\$a1 photographic print :$bblack/white ;$c18 x 24 cm.
=500  \\$aPart of: American Academy in Rome Buildings Collection.
=510  4\$aAAR Annual Report$c1943-1951
=540  \\$aPublication restricted (AAR copyright)$uhttp://photoarchive.aarome.org/index/rights.html
=506  \\$aClosed access material (Archive)$uhttp://photoarchive.aarome.org/index/use.html
=610  20$aAmerican Academy in Rome$xBuildings
=610  20$aMcKim, Mead & White building (Rome, Italy)$912009586
=610  20$aMcKim, Mead & White.$912382015
=650  \0$aArchitecture, Modern$y20th century$zItaly
=650  \0$aLandscape gardening.$912394275
=655  \7$aPhotographic prints$y1920-1930.$2gmgpc
=662  \\$aItaly$bLazio$dRome$2tgn
=856  41$zAAR Photographic Archive Digital Collection$uhttp://photoarchive.aarome.org/index/index/tsk/mass
=907  \\$a.b13006101$b14-02-13$c30-01-07
=942  \\$cVMPHOTO$00
=998  \\$aa$b29-01-07$cm$dk$e-$fund$git $h0$i1
=999  \\$c102697$d102697
=952  \\$00$10$2gen$40$6AARBPROMEMMW75$70$9102663$aAAROME$bAAROME$cphoto$d2007-02-01$g0.00$oAAR.BP.Rome.MMW.75$p0102663$r2013-08-12$v0.00$w2013-08-12$yVMPHOTO

