=LDR  01721nkm a2200337 a 4500
=001  102700
=007  kh\bo\\\\\\\\\\\\\\\\\
=008  030325q1921\\\\it\\\\\\\\\\\\\\\0knund\\
=037  \\$aAAR.Buildings.115$bAAR$cGlass negative : b/w ; 9 x 12 cm.
=037  \\$aAAR.Buildings.115$bAAR$cAcetate negative : b/w ; 6 x 7 cm -- Duplicate
=039  \\$a10957870
=040  \\$aItRAAR
=245  00$a[Drawing by Manship of the fountain for the courtyard of the McKim, Mead & White building (Rome, Italy)]$h[graphic]
=260  \\$c[1921?]
=300  \\$a1 photographic print :$bblack/white ;$c24 x 18 cm.
=500  \\$aPart of: American Academy in Rome Buildings Collection.
=500  \\$aThe fountain "Infant Hercules strangling the Serpent" by Paul Manship, FAAR Sculpture 1909-1912, was inaugurated in 1920.
=540  \\$aPublication restricted (AAR copyright)$uhttp://photoarchive.aarome.org/index/rights.html
=506  \\$aClosed access material (Archive)$uhttp://photoarchive.aarome.org/index/use.html
=600  10$aMcKim, Charles Follen,$d1847-1909$912382359
=610  20$aAmerican Academy in Rome$xBuildings
=650  \0$aArchitecture$y20th century$zItaly
=655  \7$aPhotographic prints$y1920-1930.$2gmgpc
=662  \\$aItaly$bLazio$dRome$2tgn
=700  1\$aManship, Paul,$d1885-1966$910068441
=856  41$zAAR Photographic Archive Digital Collection$uhttp://photoarchive.aarome.org/index/index/tsk/mass
=907  \\$a.b13006186$b14-02-13$c30-01-07
=942  \\$cVMPHOTO$00
=998  \\$aa$b29-01-07$cm$dk$e-$fund$git $h0$i1
=999  \\$c102700$d102700
=952  \\$00$10$2gen$40$6AARBPROMEMMW26$70$9102666$aAAROME$bAAROME$cphoto$d2007-02-01$g0.00$oAAR.BP.Rome.MMW.26$p0102666$r2013-08-12$v0.00$w2013-08-12$yVMPHOTO

