=LDR  01929nkc a2200361 a 4500
=001  102701
=007  kh\bo\\\\\\\\\\\\\\\\\
=008  030325n\\\\\\\\it\\\\\\\\\\\\\\\0knund\\
=037  \\$aAAR.Buildings.514$bAAR$cAcetate negative : b/w ; 9 x 12 cm.
=037  \\$aAAR.Buildings.514$bAAR$cAcetate negative : b/w ; 6 x 7 cm -- Duplicate
=037  \\$aAAR.Buildings.515$bAAR$cAcetate negative : b/w ; 9 x 12 cm.
=037  \\$aAAR.Buildings.515$bAAR$cAcetate negative : b/w ; 6 x 7 cm -- Duplicate
=039  \\$a10957871
=040  \\$aItRAAR
=035  \\$a(OCoLC)78758646
=245  00$a[McKim, Mead & White building (Rome, Italy), Founders' courtyard, archeological remains and iscriptions upon the walls of the south portico]$h[graphic]
=260  \\$c[s.d.]
=300  \\$a2 photographic prints :$bblack/white ;$c24 x 18 cm.
=500  \\$aPart of: American Academy in Rome Buildings Collection.
=540  \\$aPublication restricted (AAR copyright)$uhttp://photoarchive.aarome.org/index/rights.html
=506  \\$aClosed access material (Archive)$uhttp://photoarchive.aarome.org/index/use.html
=600  10$aMcKim, Charles Follen,$d1847-1909$912382359
=610  20$aAmerican Academy in Rome$xBuildings
=650  \0$aArchitecture$y20th century$zItaly
=655  \7$aPhotographic prints$y1920-1930.$2gmgpc
=662  \\$aItaly$bLazio$dRome$2tgn
=856  41$zAAR Photographic Archive Digital Collection$uhttp://photoarchive.aarome.org/index/index/tsk/mass
=907  \\$a.b13006198$b14-02-13$c30-01-07
=942  \\$cVMPHOTO$00
=998  \\$aa$b29-01-07$cc$dk$e-$fund$git $h0$i2
=999  \\$c102701$d102701
=952  \\$00$10$2gen$40$6AARBPROMEMMW37$70$9102667$aAAROME$bAAROME$cphoto$d2007-02-01$g0.00$oAAR.BP.Rome.MMW.37$p0102667$r2013-08-12$v0.00$w2013-08-12$yVMPHOTO
=952  \\$00$10$2gen$40$6AARBPROMEMMW38$70$9102668$aAAROME$bAAROME$cphoto$d2007-02-01$g0.00$oAAR.BP.Rome.MMW.38$p0102668$r2013-08-12$v0.00$w2013-08-12$yVMPHOTO

