=LDR  01722nkm a2200313 a 4500
=001  102707
=007  kh\bo\\\\\\\\\\\\\\\\\
=008  030326i19751977it\\\\\\\\\\\\\\\0knund\\
=039  \\$a10957957
=040  \\$aItRAAR
=245  00$a[McKim, Mead & White building (Rome, Italy), the McKim and Founders Memorial to Charles Follen McKim, in the vestibule]$h[graphic]
=260  \\$c[1975-1977]
=300  \\$aphotographic print :$bblack/white ;$c13 x 9 cm.
=540  \\$aPublication restricted (AAR copyright)$uhttp://photoarchive.aarome.org/index/rights.html
=506  \\$aClosed access material (Archive)$uhttp://photoarchive.aarome.org/index/use.html
=610  20$aAmerican Academy in Rome$xBuildings
=610  20$aMcKim, Mead & White building (Rome, Italy)$912009586
=610  24$aMcKim, Mead & White.$912382015
=650  \0$aArchitecture, Modern$y20th century$zUnited States
=655  \7$aPhotographic prints$y1970-1980.$2gmgpc
=662  \\$aItaly$bLazio$dRome$2tgn
=856  41$zAAR Photographic Archive Digital Collection$uhttp://photoarchive.aarome.org/index/index/tsk/mass
=907  \\$a.b1300685x$b14-02-13$c30-01-07
=942  \\$cVMPHOTO$00
=998  \\$aa$b29-01-07$cm$dk$e-$fund$git $h0$i1
=999  \\$c102707$d102707
=952  \\$00$10$2gen$40$6AARBPROMEMMW111$70$9102673$aAAROME$bAAROME$cphoto$d2007-02-01$g0.00$oAAR.BP.Rome.MMW.111$p0102673$r2013-08-12$v0.00$w2013-08-12$yVMPHOTO
=952  \\$00$10$2gen$40$6AARBPROMEMMW112$70$9127725$aAAROME$bAAROME$cphoto$d2011-01-27$g0.00$oAAR.BP.Rome.MMW.112$p0127725$r2013-08-12$v0.00$w2013-08-12$yVMPHOTO
=952  \\$00$10$2gen$40$6AARBPROMEMMW113$70$9127726$aAAROME$bAAROME$cphoto$d2011-01-27$g0.00$oAAR.BP.Rome.MMW.113$p0127726$r2013-08-12$v0.00$w2013-08-12$yVMPHOTO

