=LDR  01856nkc a2200373 a 4500
=001  102934
=007  kh\bo\\\\\\\\\\\\\\\\\
=008  030428n\\\\\\\\it\\\\\\\\\\\\\\\0knund\\
=037  \\$aAAR.Buildings.1370$bAAR$cAcetate negative : b/w ; 9 x 12 cm.
=037  \\$aAAR.Buildings.1370$bAAR$cAcetate negative: b/w ; 6 x 7 cm -- Duplicate
=039  \\$a10960287
=040  \\$aItRAAR
=035  \\$a(OCoLC)84411868
=245  00$a[McKim, Mead & White building (Rome, Italy), the fountain in the courtyard]$h[graphic]
=260  \\$c[S.d.]
=300  \\$a2 photographic prints ;$bblack/white ;$c24 x 18 cm.
=500  \\$aPart of: American Academy in Rome Buildings Collection.
=540  \\$aPublication restricted (AAR copyright)$uhttp://photoarchive.aarome.org/index/rights.html
=506  \\$aClosed access material (Archive)$uhttp://photoarchive.aarome.org/index/use.html
=600  10$aMcKim, Charles Follen,$d1847-1909$912382359
=610  20$aAmerican Academy in Rome$xBuildings
=610  24$aMcKim, Mead & White.$912382015
=650  \0$aArchitecture, Modern$y20th century$zItaly
=650  \0$aLandscape gardening.$912394275
=655  \7$aPhotographic prints$y1920-1930.$2gmgpc
=662  \\$aItaly$bLazio$dRome$2tgn
=700  1\$aManship, Paul,$d1885-1966$910068441
=856  41$zAAR Photographic Archive Digital Collection$uhttp://photoarchive.aarome.org/index/index/tsk/mass
=907  \\$a.b13027360$b14-02-13$c30-01-07
=942  \\$cVMPHOTO$00
=998  \\$aa$b29-01-07$cc$dk$e-$fund$git $h0$i2
=999  \\$c102934$d102934
=952  \\$00$10$2gen$40$6AARBPROMEMMW44$70$9102900$aAAROME$bAAROME$cphoto$d2007-02-01$g0.00$oAAR.BP.Rome.MMW.44$p0102900$r2013-08-12$v0.00$w2013-08-12$yVMPHOTO
=952  \\$00$10$2gen$40$6AARBPROMEMMW49$70$9102901$aAAROME$bAAROME$cphoto$d2007-02-01$g0.00$oAAR.BP.Rome.MMW.49$p0102901$r2013-08-12$v0.00$w2013-08-12$yVMPHOTO

