=LDR  01355nkm a2200289 a 4500
=001  102937
=007  kh\bo\\\\\\\\\\\\\\\\\
=008  030428s1970\\\\it\\\\\\\\\\\\\\\0knund\\
=039  \\$a10960293
=040  \\$aItRAAR
=245  00$a[McKim, Mead & White building (Rome, Italy), the fountain in the courtyard, looking North]$h[graphic]
=260  \\$c1970
=300  \\$a1 photographic print ;$bblack/white ;$c24 x 18 cm.
=540  \\$aPublication restricted (AAR copyright)$uhttp://photoarchive.aarome.org/index/rights.html
=506  \\$aClosed access material (Archive)$uhttp://photoarchive.aarome.org/index/use.html
=610  20$aAmerican Academy in Rome$xBuildings
=610  20$aMcKim, Mead & White building (Rome, Italy)$912009586
=610  24$aMcKim, Mead & White.$912382015
=650  \0$aArchitecture, Modern$y20th century$zUnited States
=655  \7$aPhotographic prints$y1970-1980.$2gmgpc
=662  \\$aItaly$bLazio$dRome$2tgn
=856  41$zAAR Photographic Archive Digital Collection$uhttp://photoarchive.aarome.org/index/index/tsk/mass
=907  \\$a.b13027426$b14-02-13$c30-01-07
=942  \\$cVMPHOTO$00
=998  \\$aa$b29-01-07$cm$dk$e-$fund$git $h0$i1
=999  \\$c102937$d102937
=952  \\$00$10$2gen$40$6AARBPROMEMMW107$70$9102903$aAAROME$bAAROME$cphoto$d2007-02-01$g0.00$oAAR.BP.Rome.MMW.107$p0102903$r2013-08-12$v0.00$w2013-08-12$yVMPHOTO

