=LDR  01601nkm a2200349 a 4500
=001  102950
=007  kh\bo\\\\\\\\\\\\\\\\\
=008  030430q1915\\\\it\\\\\\\\\\\\\\\0knund\\
=037  \\$aAAR.110$bAAR$cGlass negative : b/w ; 21 x 27 cm.
=037  \\$aAAR.110$bAAR$cAcetate negative : b/w ; 6 x 7 cm -- Duplicate
=039  \\$a10960464
=040  \\$aItRAAR
=035  \\$a(OCoLC)80820950
=245  00$a[McKim, Mead & White building (Rome, Italy), common room]$h[graphic]
=260  \\$c[1915?]
=300  \\$a1 photographic print :$bblack/white ;$c18 x 24 cm.
=500  \\$aPart of: American Academy in Rome Buildings Collection.
=540  \\$aPublication restricted (AAR copyright)$uhttp://photoarchive.aarome.org/index/rights.html
=506  \\$aClosed access material (Archive)$uhttp://photoarchive.aarome.org/index/use.html
=600  10$aMcKim, Charles Follen,$d1847-1909$912382359
=610  20$aAmerican Academy in Rome$xBuildings
=610  24$aMcKim, Mead & White.$912382015
=650  \0$aArchitecture, Modern$y20th century$zItaly
=650  \0$aLandscape gardening.$912394275
=655  \7$aPhotographic prints$y1910-1920.$2gmgpc
=662  \\$aItaly$bLazio$dRome$2tgn
=856  41$zAAR Photographic Archive Digital Collection$uhttp://photoarchive.aarome.org/index/index/tsk/mass
=907  \\$a.b13028832$b14-02-13$c30-01-07
=942  \\$cVMPHOTO$00
=998  \\$aa$b29-01-07$cm$dk$e-$fund$git $h0$i1
=999  \\$c102950$d102950
=952  \\$00$10$2gen$40$6AARBPROMEMMW136$70$9102916$aAAROME$bAAROME$cphoto$d2007-02-01$g0.00$oAAR.BP.Rome.MMW.136$p0102916$r2013-08-12$v0.00$w2013-08-12$yVMPHOTO

