=LDR  02125nkm a2200361 a 4500
=001  103081
=007  kh\bo\\\\\\\\\\\\\\\\\
=008  030514i19171925it\\\\\\\\\\\\\\\0knund\\
=037  \\$aAAR.Buildings.1494$bAAR$cGlass negative : b/w ; 21 x 27 cm.
=037  \\$aAAR.Buildings.1494$bAAR$cAcetate negative : b/w ; 6 x 7 cm -- Duplicate
=039  \\$a10961648
=040  \\$aItRAAR
=245  00$a[McKim, Mead & White building (Rome, Italy), Library, main reading room with candelabrum]$h[graphic]
=260  \\$c[between 1914 and 1925]
=300  \\$a3 photographic prints :$bblack/white ;$c20 x 26 cm.
=500  00$aPart of: American Academy in Rome Buildings Collection.
=500  \\$aOn the envelope that contained the glass plate: "Van Buren".
=518  \\$aGorham Phillips Stevens (1876-1963), former Director of the American Academy in Rome, commissioned this candelabrum in 1914 for the main reading room of the Library in the new McKim, Mead & White building. It was made by the Sangiorgio Gallery in Rome and is a copy of a 15th century bronze candelabrum formerly in the apse of the cathedral of Pistoia 
=500  \\$aPart of: American Academy in Rome Buildings Collection.
=540  \\$aPublication restricted (AAR copyright)$uhttp://photoarchive.aarome.org/index/rights.html
=506  \\$aClosed access material (Archive)$uhttp://photoarchive.aarome.org/index/use.html
=610  20$aAmerican Academy in Rome$xBuildings
=610  20$aMcKim, Mead & White building (Rome, Italy)$912009586
=600  10$aMcKim, Charles Follen,$d1847-1909$912382359
=650  \0$aArchitecture$y20th century$zItaly
=655  \7$aPhotographic prints$y1920-1930.$2gmgpc
=662  \\$aItaly$bLazio$dRome$2tgn
=856  41$zAAR Photographic Archive Digital Collection$uhttp://photoarchive.aarome.org/index/index/tsk/mass
=907  \\$a.b13039398$b14-02-13$c30-01-07
=942  \\$cVMPHOTO$00
=998  \\$aa$b29-01-07$cm$dk$e-$fund$git $h0$i1
=999  \\$c103081$d103081
=952  \\$00$10$2gen$40$6AARBPROMEMMW140$70$9103047$aAAROME$bAAROME$cphoto$d2007-02-01$g0.00$oAAR.BP.Rome.MMW.140$p0103047$r2013-08-12$v0.00$w2013-08-12$yVMPHOTO

