=LDR  01509nkm a2200313 a 4500
=001  103082
=007  kh\bo\\\\\\\\\\\\\\\\\
=008  030514i19171925it\\\\\\\\\\\\\\\0knund\\
=039  \\$a10961649
=040  \\$aItRAAR
=245  00$a[McKim, Mead & White building (Rome, Italy), Library, currently rare book room]$h[graphic]
=260  \\$c[between 1914 and 1925]
=300  \\$a1 photographic print :$bblack/white ;$c20 x 26 cm.
=500  \\$aPart of: American Academy in Rome Buildings Collection.
=500  \\$aOn the envelope that contained the glass plate: "Van Buren".
=540  \\$aPublication restricted (AAR copyright)$uhttp://photoarchive.aarome.org/index/rights.html
=506  \\$aClosed access material (Archive)$uhttp://photoarchive.aarome.org/index/use.html
=610  20$aAmerican Academy in Rome$xBuildings
=610  20$aMcKim, Mead & White building (Rome, Italy)$912009586
=600  10$aMcKim, Charles Follen,$d1847-1909$912382359
=650  \0$aArchitecture$y20th century$zItaly
=655  \7$aPhotographic prints$y1910-1930.$2gmgpc
=662  \\$aItaly$bLazio$dRome$2tgn
=856  41$zAAR Photographic Archive Digital Collection$uhttp://photoarchive.aarome.org/index/index/tsk/mass
=907  \\$a.b13039404$b14-02-13$c30-01-07
=942  \\$cVMPHOTO$00
=998  \\$aa$b29-01-07$cm$dk$e-$fund$git $h0$i1
=999  \\$c103082$d103082
=952  \\$00$10$2gen$40$6AARBPROMEMMW143$70$9103048$aAAROME$bAAROME$cphoto$d2007-02-01$g0.00$oAAR.BP.Rome.MMW.143$p0103048$r2013-08-12$v0.00$w2013-08-12$yVMPHOTO

