=LDR  01674nkm a2200349 a 4500
=001  103084
=007  kh\bo\\\\\\\\\\\\\\\\\
=008  030514i19171925it\\\\\\\\\\\\\\\0knund\\
=037  \\$aAAR.Buildings.$bAAR$cGlass negative : b/w ; 21 x 27 cm.
=037  \\$aAAR.Buildings.$bAAR$cAcetate negative : b/w ; 6 x 7 cm -- Duplicate
=039  \\$a10961652
=040  \\$aItRAAR
=035  \\$a(OCoLC)81501166
=245  00$a[McKim, Mead & White building (Rome, Italy), Library, cataloging room]$h[graphic]
=260  \\$c[between 1914 and 1925]
=300  \\$a1 photographic print :$bblack/white ;$c20 x 26 cm.
=500  \\$aOn the envelope that contained the glass plate: "Van Buren".
=500  \\$aPart of: American Academy in Rome Buildings Collection.
=540  \\$aPublication restricted (AAR copyright)$uhttp://photoarchive.aarome.org/index/rights.html
=506  \\$aClosed access material (Archive)$uhttp://photoarchive.aarome.org/index/use.html
=600  10$aMcKim, Charles Follen,$d1847-1909$912382359
=610  20$aAmerican Academy in Rome$xBuildings
=610  24$aMcKim, Mead & White.$912382015
=650  \0$aArchitecture, Modern$y20th century$zItaly
=655  \7$aPhotographic prints$y1910-1930.$2gmgpc
=662  \\$aItaly$bLazio$dRome$2tgn
=856  41$zAAR Photographic Archive Digital Collection$uhttp://photoarchive.aarome.org/index/index/tsk/mass
=907  \\$a.b1303943x$b14-02-13$c30-01-07
=942  \\$cVMPHOTO$00
=998  \\$aa$b29-01-07$cm$dk$e-$fund$git $h0$i1
=999  \\$c103084$d103084
=952  \\$00$10$2gen$40$6AARBPROMEMMW142$70$9103050$aAAROME$bAAROME$cphoto$d2007-02-01$g0.00$oAAR.BP.Rome.MMW.142$p0103050$r2013-08-12$v0.00$w2013-08-12$yVMPHOTO

