=LDR  02386nkm a2200397 a 4500
=001  103445
=008  030619i18790000it\\\\\\\\\\\\\\\0knund\\
=037  \\$bAAR$cGlass negatives : b/w ; 24 x 30 or smaller.
=037  \\$bAAR$cAcetate film : b/w ; 6 x 7 cm -- Duplicates
=039  \\$a10964816
=040  \\$aItRAAR
=035  \\$a(OCoLC)80869196
=245  00$aAmerican Academy in Rome Buildings Collection$h[graphic]
=260  \\$c1879-
=300  \\$aca. 350 photographic prints :$bblack/white and col. ;$c30 x 45 and smaller.
=500  \\$aThe collection, till now, consists of five groups of items: 36 vintage prints of Villa Aurelia in the time of Clara Jessup Heyland, 1879-1909 -- 146 photographic prints of Villa Aurelia and other buildings in Rome, present or former property of the AAR -- 103 photographic prints of McKim, Mead and White building -- 16 large-format vintage prints relating to Villa Aurelia and MMW building -- An album of 86 vintage prints documenting the construction of the MMW building in 1919.
=500  \\$aOriginal photographers unknown.
=500  \\$aIn 2002, the Laboratorio Scaramella duplicated the 180 existing glass plate negatives on acetate negatives 6 x 7 cm and produced the corrisponding prints.
=540  \\$aPublication restricted (AAR copyright)$uhttp://photoarchive.aarome.org/index/rights.html
=506  \\$aClosed access material (Archive)$uhttp://photoarchive.aarome.org/index/use.html
=610  20$aAmerican Academy in Rome$xBuildings
=610  20$aVilla Aurelia (Rome, Italy)$911524480
=610  20$aMcKim, Mead & White building (Rome, Italy)$912009586
=610  20$aVilla Chiaraviglio (Rome, Italy)
=610  20$aVilla Mirafiori (Rome, Italy)$912018983
=610  20$aVillino Bellacci (Rome, Italy)$912017777
=610  20$aVillino Bonghi (Rome, Italy)$912019030
=610  20$aVillino Nigido (Rome, Italy)
=610  20$aVilla Richardson (Rome, Italy)$912016487
=700  1\$aScaramella, Lorenzo$912408785
=856  41$zAAR Photographic Archive Digital Collection$uhttp://photoarchive.aarome.org/index/index/tsk/mass
=907  \\$a.b1306759x$b14-02-13$c30-01-07
=942  \\$cVMPHOTO$00
=998  \\$aa$b29-01-07$cm$dk$e-$fund$git $h0$i1
=999  \\$c103445$d103445
=952  \\$00$10$2gen$40$6AARBPROMECOLL$70$9103411$aAAROME$bAAROME$cphoto$d2007-02-01$g0.00$oAAR.BP.Rome.Coll$p0103411$r2013-08-12$v0.00$w2013-08-12$yVMPHOTO

