=LDR  01583nkc a2200325 a 4500
=001  123059
=007  kh\bo\\\\\\\\\\\\\\\\\
=008  030515n\\\\\\\\it\\\\\\\\\\\\\\\0knund\\
=039  \\$a10961796
=040  \\$aItRAAR
=245  00$a[McKim, Mead & White building (Rome, Italy), the main gate, detail of the marble relief with the "Janus" on the top]$h[graphic]
=260  \\$c[S.d.]
=300  \\$a2 photographic prints :$bblack/white ;$c20 x 25 and 18 x 24 cm.
=500  \\$aPart of: American Academy in Rome Buildings Collection.
=500  \\$aThe logo of the Janus has been designed in 1914.
=540  \\$aPublication restricted (AAR copyright)$uhttp://photoarchive.aarome.org/index/rights.html
=506  \\$aClosed access material (Archive)$uhttp://photoarchive.aarome.org/index/use.html
=600  10$aMcKim, Charles Follen,$d1847-1909$912382359
=610  20$aAmerican Academy in Rome$xBuildings
=610  20$aMcKim, Mead & White building (Rome, Italy)$912009586
=610  24$aMcKim, Mead & White.$912382015
=650  \0$aArchitecture, Modern$y20th century$zItaly
=655  \7$aPhotographic prints$y1920-1930.$2gmgpc
=662  \\$aItaly$bLazio$dRome$2tgn
=856  41$zAAR Photographic Archive Digital Collection$uhttp://photoarchive.aarome.org/index/index/tsk/mass
=907  \\$a.b15520092$b14-02-13$c12-11-09
=942  \\$cVMPHOTO$00
=998  \\$aa$b12-01-11$cc$dk$e-$fund$git $h0$i0
=999  \\$c123059$d123059
=952  \\$00$10$2gen$40$6AARBPROMEMMW13$70$9123019$aAAROME$bAAROME$cphoto$d2009-11-12$g0.00$oAAR.BP.Rome.MMW.13$p0123019$r2013-08-12$v0.00$w2013-08-12$yVMPHOTO

