=LDR  01247nkm a2200253 a 4500
=001  123060
=007  kh\bo\\\\\\\\\\\\\\\\\
=008  030326i19211930it\\\\\\\\\\\\\\\0knund\\
=039  \\$a10957974
=040  \\$aItRAAR
=245  00$a[McKim, Mead & White building (Rome, Italy), the inner-courtyard seen from the vestibule, with vases]$h[graphic]
=260  \\$c[between 1921 and 1930]
=300  \\$a1 photographic print :$bblack/white ;$c18 x 24 cm.
=500  00$aPart of: American Academy in Rome Buildings Collection.
=540  \\$aPublication restricted (AAR copyright)$uhttp://photoarchive.aarome.org/index/rights.html
=506  \\$aClosed access material (Archive)$uhttp://photoarchive.aarome.org/index/use.html
=610  20$aAmerican Academy in Rome$xBuildings
=610  20$aMcKim, Mead & White building (Rome, Italy)$912009586
=856  41$zAAR Photographic Archive Digital Collection$uhttp://photoarchive.aarome.org/index/index/tsk/mass
=907  \\$a.b15520225$b14-02-13$c12-11-09
=942  \\$cVMPHOTO$00
=998  \\$aa$b29-01-07$cm$dk$e-$fund$git $h0$i0
=999  \\$c123060$d123060
=952  \\$00$10$2gen$40$6AARBPROMEMMW55$70$9123020$aAAROME$bAAROME$cphoto$d2009-11-12$g0.00$oAAR.BP.Rome.MMW.55$p0123020$r2013-08-12$v0.00$w2013-08-12$yVMPHOTO

