=LDR  01744nkm a2200373 a 4500
=001  125551
=007  kh\bo\\\\\\\\\\\\\\\\\
=008  030212q1970\\\\it\\\\\\\\\\\\\\\0knund\\
=037  \\$a5/144$bAAR$cFilm negative : b/w ; 2 x 4 cm.
=037  \\$a2327$bAAR$cFilm negative : b/w ; 2 x 4 cm.
=039  \\$a10953504
=040  \\$aItRAAR
=100  1\$aEyck Burr G.H.
=245  10$a[Villa Bonghi (Rome, Italy), entrance view from Via dei Mille]$h[graphic]
=260  \\$c[1912]
=300  \\$a2 photographic prints :$bblack/white ;$c18 x 24 cm and smaller
=500  \\$aPart of: American Academy in Rome Buildings Collection.
=500  \\$aOn verso of the print: C. Warde-Jones.
=500  \\$aVilla Bonghi housed the School of Classical Studies in 1912.
=540  \\$aPublication restricted (AAR copyright)$uhttp://photoarchive.aarome.org/index/rights.html
=506  \\$aClosed access material (Archive)$uhttp://photoarchive.aarome.org/index/use.html
=610  20$aVilla Bonghi (Rome, Italy)
=610  20$aAmerican Academy in Rome$xBuildings
=651  \0$aRome (Italy)$xBuildings, structures, etc.$912405938
=655  \7$aPhotographic prints.$2gmgpc
=662  \\$aItaly$bLazio$dRome$2tgn
=710  2\$aAmerican Academy in Rome$912378923
=852  \\$aAmerican Academy in Rome$bPhotographic Archive$eRome, ITALY
=856  41$zAAR Photographic Archive Digital Collection$uhttp://photoarchive.aarome.org/index/index/tsk/mass
=907  \\$a.b15654084$b14-02-13$c04-05-10
=942  \\$cVMPHOTO$00
=998  \\$aa$b29-01-07$cm$dk$e-$fund$git $h0$i0
=999  \\$c125551$d125551
=952  \\$00$10$2gen$40$6AARBPROMEVBONGHI1$70$9125511$aAAROME$bAAROME$cphoto$d2010-05-04$g0.00$oAAR.BP.Rome.VBonghi.1$p0125511$r2013-08-12$v0.00$w2013-08-12$yVMPHOTO

