=LDR  01649nkm a2200361 a 4500
=001  125554
=007  kh\bo\\\\\\\\\\\\\\\\\
=008  030108i19271930it\\\\\\\\\\\\\\\0knund\\
=037  \\$aAAR.Buildings.20a/912$bAAR$cAcetate film : b/w ; 6 x 7 cm -- Duplicate
=039  \\$a10950056
=040  \\$aItRAAR
=035  \\$a(OCoLC)81080566
=245  00$a[American Academy in Rome, plan of properties on the Janiculum]$h[graphic]
=260  \\$c[S.d.]
=300  \\$a1 photographic print :$bblack/white ;$c24 x 18 cm.
=500  \\$aPart of: American Academy in Rome Buildings Collection.
=534  \\$pDrawing$cJuly 1918, revised 1924
=540  \\$aPublication restricted (AAR copyright)$uhttp://photoarchive.aarome.org/index/rights.html
=506  \\$aClosed access material (Archive)$uhttp://photoarchive.aarome.org/index/use.html
=610  20$aAmerican Academy in Rome$xBuildings
=610  24$aMcKim, Mead & White.$912382015
=650  \0$aArchitecture$y20th century$zItaly
=651  \0$aJaniculum (Italy)$912401628
=651  \0$aRome (Italy)$xBuildings, structures, etc.$y20th century
=655  \7$aPhotographic prints$2gmgpc
=662  \\$aItaly$bLazio$dRome$2tgn
=710  2\$aAmerican Academy in Rome$912378923
=856  41$zAAR Photographic Archive Digital Collection$uhttp://photoarchive.aarome.org/index/index/tsk/mass
=907  \\$a.b15654345$b10-04-13$c04-05-10
=942  \\$cVMPHOTO$00
=998  \\$aa$b29-01-07$cm$dk$e-$fund$git $h0$i0
=999  \\$c125554$d125554
=952  \\$00$10$2gen$40$6AARBPROMESITEPLANS1$70$9125514$aAAROME$bAAROME$cphoto$d2010-05-04$g0.00$oAAR.BP.Rome.Site.Plans.1$p0125514$r2013-08-12$v0.00$w2013-08-12$yVMPHOTO

