=LDR  01537nkm a2200337 a 4500
=001  125555
=007  kh\bo\\\\\\\\\\\\\\\\\
=008  030108i19271930it\\\\\\\\\\\\\\\0knund\\
=039  \\$a10950056
=040  \\$aItRAAR
=245  00$a[American Academy in Rome, drawing "View of Campus of the AAR, 1912"]$h[graphic]
=260  \\$c[S.d.]
=300  \\$a2 photographic prints :$bblack/white ;$c24 x 18 cm.
=500  \\$aPart of: American Academy in Rome Buildings Collection.
=534  \\$pDrawing$cJuly 1918, revised 1924
=540  \\$aPublication restricted (AAR copyright)$uhttp://photoarchive.aarome.org/index/rights.html
=506  \\$aClosed access material (Archive)$uhttp://photoarchive.aarome.org/index/use.html
=610  20$aAmerican Academy in Rome$xBuildings
=610  24$aMcKim, Mead & White.$912382015
=650  \0$aArchitecture$y20th century$zItaly
=651  \0$aJaniculum (Italy)$912401628
=651  \0$aRome (Italy)$xBuildings, structures, etc.$y20th century
=655  \7$aPhotographic prints$2gmgpc
=662  \\$aItaly$bLazio$dRome$2tgn
=710  2\$aAmerican Academy in Rome$912378923
=856  41$zAAR Photographic Archive Digital Collection$uhttp://photoarchive.aarome.org/index/index/tsk/mass
=907  \\$a.b15654357$b10-04-13$c04-05-10
=942  \\$cVMPHOTO$00
=998  \\$aa$b29-01-07$cm$dk$e-$fund$git $h0$i0
=999  \\$c125555$d125555
=952  \\$00$10$2gen$40$6AARBPROMESITEPLANS3$70$9125515$aAAROME$bAAROME$cphoto$d2010-05-04$g0.00$oAAR.BP.Rome.Site.Plans.3$p0125515$r2013-08-12$v0.00$w2013-08-12$yVMPHOTO

