=LDR  01313nkm a2200277 a 4500
=001  125558
=008  021210q1914\\\\it\\\\\\\\\\\\\\\0knund\\
=039  \\$a10948138
=040  \\$aItRAAR
=245  00$a[McKim, Mead & White building, view of surrounding area of foundations (Rome, Italy)]$h[graphic]
=260  \\$c[1909]
=300  \\$a1 photographic print :$bblack/white ;$c28 x 40 cm.
=500  \\$aPart of: American Academy in Rome Buildings Collection.
=540  \\$aPublication restricted (AAR copyright)$uhttp://photoarchive.aarome.org/index/rights.html
=506  \\$aClosed access material (Archive)$uhttp://photoarchive.aarome.org/index/use.html
=600  10$aMcKim, Charles Follen,$d1847-1909$912382359
=610  20$aAmerican Academy in Rome$xBuildings
=650  \0$aArchitecture$y20th century$zItaly
=655  \7$aPhotographic prints$y1900-1910.$2gmgpc
=662  \\$aItaly$bLazio$dRome$2tgn
=856  41$zAAR Photographic Archive Digital Collection$uhttp://photoarchive.aarome.org/index/index/tsk/mass
=907  \\$a.b1565445x$b14-02-13$c04-05-10
=942  \\$cVMPHOTO$00
=998  \\$aa$b29-01-10$cm$dk$e-$fund$git $h0$i0
=999  \\$c125558$d125558
=952  \\$00$10$2gen$40$6AARBPROMEMMW3$70$9125518$aAAROME$bAAROME$cphoto$d2010-05-04$g0.00$oAAR.BP.Rome.MMW.3$p0125518$r2013-08-12$v0.00$w2013-08-12$yVMPHOTO

