=LDR  01527nkm a2200325 a 4500
=001  125559
=008  021210q1914\\\\it\\\\\\\\\\\\\\\0knund\\
=039  \\$a10948138
=040  \\$aItRAAR
=245  00$a[McKim, Mead & White building, working at the foundations (Rome, Italy)]$h[graphic]
=260  \\$c[1909]
=300  \\$a1 photographic print :$bblack/white ;$c28 x 40 cm.
=500  \\$aPart of: American Academy in Rome Buildings Collection.
=544  \\$aOriginal copy is  in the AAR album in the Photo Archive.
=540  \\$aPublication restricted (AAR copyright)$uhttp://photoarchive.aarome.org/index/rights.html
=506  \\$aClosed access material (Archive)$uhttp://photoarchive.aarome.org/index/use.html
=600  10$aMcKim, Charles Follen,$d1847-1909$912382359
=610  20$aAmerican Academy in Rome$xBuildings
=610  24$aMcKim, Mead & White.$912382015
=650  \0$aArchitecture, Modern$y20th century$zItaly
=650  \0$aLandscape gardening.$912394275
=655  \7$aPhotographic prints$y1920-1930.$2gmgpc
=662  \\$aItaly$bLazio$dRome$2tgn
=700  1\$aManship, Paul,$d1885-1966$910068441
=856  41$zAAR Photographic Archive Digital Collection$uhttp://photoarchive.aarome.org/index/index/tsk/mass
=907  \\$a.b15654473$b14-02-13$c04-05-10
=942  \\$cVMPHOTO$00
=998  \\$aa$b29-01-10$cm$dk$e-$fund$git $h0$i0
=999  \\$c125559$d125559
=952  \\$00$10$2gen$40$6AARBPROMEMMW5$70$9125519$aAAROME$bAAROME$cphoto$d2010-05-04$g0.00$oAAR.BP.Rome.MMW.5$p0125519$r2013-08-12$v0.00$w2013-08-12$yVMPHOTO

