=LDR  01648nkm a2200349 a 4500
=001  125561
=007  kh\bo\\\\\\\\\\\\\\\\\
=008  030108i19211925it\\\\\\\\\\\\\\\0knund\\
=037  \\$aAAR.Buildings.473$bAAR$cGlass negative : b/w ; 13 x 18 cm.
=037  \\$aAAR.Buildings.473$bAAR$cAcetate negative : b/w ; 6 x 7 cm -- Duplicate
=039  \\$a10950061
=040  \\$aItRAAR
=035  \\$a(OCoLC)77640861
=245  00$a[McKim, Mead & White building (Rome, Italy), fountain in the  Founders' courtyard]$h[graphic]
=260  \\$c[1921-1925]
=300  \\$a1 photographic print :$bblack/white ;$c18 x 24 cm.
=500  \\$aPart of: American Academy in Rome Buildings Collection.
=540  \\$aPublication restricted (AAR copyright)$uhttp://photoarchive.aarome.org/index/rights.html
=506  \\$aClosed access material (Archive)$uhttp://photoarchive.aarome.org/index/use.html
=600  10$aMcKim, Charles Follen,$d1847-1909$912382359
=610  20$aAmerican Academy in Rome$xBuildings
=610  24$aMcKim, Mead & White.$912382015
=650  \0$aArchitecture, Modern$y20th century$zItaly
=650  \0$aLandscape gardening.$912394275
=655  \7$aPhotographic prints$y1920-1930.$2gmgpc
=662  \\$aItaly$bLazio$dRome$2tgn
=856  41$zAAR Photographic Archive Digital Collection$uhttp://photoarchive.aarome.org/index/index/tsk/mass
=907  \\$a.b15654746$b14-02-13$c04-05-10
=942  \\$cVMPHOTO$00
=998  \\$aa$b29-01-07$cm$dk$e-$fund$git $h0$i0
=999  \\$c125561$d125561
=952  \\$00$10$2gen$40$6AARBPROMEMMW40$70$9125521$aAAROME$bAAROME$cphoto$d2010-05-04$g0.00$oAAR.BP.Rome.MMW.40$p0125521$r2013-08-12$v0.00$w2013-08-12$yVMPHOTO

