=LDR  01785nkm a2200337 a 4500
=001  125564
=007  kh\bo\\\\\\\\\\\\\\\\\
=008  030121i19251950it\\\\\\\\\\\\\\\0knund\\
=040  \\$aItRAAR
=245  00$a[McKim, Mead & White building (Rome, Italy), statue of the case of the Polykleitan Torso in front of the main building, back view]$h[graphic]
=260  \\$c[between 1924 and 1950]
=300  \\$a1 photographic print :$bblack/white ;$c17 x 12 cm.
=500  \\$aOn foreground, the statue dismantled in 1950 -- See "A mysterious statue at the American Academy in Rome and the case of the Polykleitan Torso"  J. Collins-Clinton in: Rome and her monuments, Wauconda, Ill.
=500  \\$aPart of: American Academy in Rome Buildings Collection.
=540  \\$aPublication restricted (AAR copyright)$uhttp://photoarchive.aarome.org/index/rights.html
=506  \\$aClosed access material (Archive)$uhttp://photoarchive.aarome.org/index/use.html
=600  10$aMcKim, Charles Follen,$d1847-1909$912382359
=610  20$aAmerican Academy in Rome$xBuildings
=610  24$aMcKim, Mead & White.$912382015
=650  \0$aArchitecture, Modern$y20th century$zItaly
=650  \0$aPolyclitus,$d5th cent. B.C.
=650  \0$aLandscape gardening.$912394275
=655  \7$aPhotographic prints$y1920-1930.$2gmgpc
=662  \\$aItaly$bLazio$dRome$2tgn
=700  0\$aCollins, J. 
=856  41$zAAR Photographic Archive Digital Collection$uhttp://photoarchive.aarome.org/index/index/tsk/mass
=907  \\$a.b15654795$b14-02-13$c04-05-10
=942  \\$cVMPHOTO$00
=998  \\$aa$b29-01-07$cm$dk$e-$fund$git $h0$i0
=999  \\$c125564$d125564
=952  \\$00$10$2gen$40$6AARBPROMEMMW64$70$9125524$aAAROME$bAAROME$cphoto$d2010-05-04$g0.00$oAAR.BP.Rome.MMW.64$p0125524$r2013-08-12$v0.00$w2013-08-12$yVMPHOTO

