=LDR  01486nkm a2200313 a 4500
=001  125567
=007  kh\bo\\\\\\\\\\\\\\\\\
=008  030326n\\\\\\\\it\\\\\\\\\\\\\\\0knund\\
=039  \\$a10957957
=040  \\$aItRAAR
=245  00$a[McKim, Mead & White building (Rome, Italy), the McKim and Founders Memorial to Charles Follen McKim, in the vestibule]$h[graphic]
=260  \\$c[1928]
=300  \\$a1 photographic print :$bblack/white ;$c24 x 18 cm.
=500  \\$aPart of: American Academy in Rome Buildings Collection.
=540  \\$aPublication restricted (AAR copyright)$uhttp://photoarchive.aarome.org/index/rights.html
=506  \\$aClosed access material (Archive)$uhttp://photoarchive.aarome.org/index/use.html
=600  10$aMcKim, Charles Follen,$d1847-1909$912382359
=610  20$aAmerican Academy in Rome$xBuildings
=610  24$aMcKim, Mead & White.$912382015
=650  \0$aArchitecture, Modern$y20th century$zItaly
=650  \0$aLandscape gardening.$912394275
=655  \7$aPhotographic prints$y1920-1930.$2gmgpc
=662  \\$aItaly$bLazio$dRome$2tgn
=856  41$zAAR Photographic Archive Digital Collection$uhttp://photoarchive.aarome.org/index/index/tsk/mass
=907  \\$a.b15654837$b14-02-13$c04-05-10
=942  \\$cVMPHOTO$00
=998  \\$aa$b19-01-11$cm$dk$e-$fund$git $h0$i0
=999  \\$c125567$d125567
=952  \\$00$10$2gen$40$6AARBPROMEMMW69$70$9125527$aAAROME$bAAROME$cphoto$d2010-05-04$g0.00$oAAR.BP.Rome.MMW.69$p0125527$r2013-08-12$v0.00$w2013-08-12$yVMPHOTO

