=LDR  01345nkm a2200301 a 4500
=001  125568
=007  kh\bo\\\\\\\\\\\\\\\\\
=008  030326n\\\\\\\\it\\\\\\\\\\\\\\\0knund\\
=037  \\$aAAR.Buildings.1182a
=039  \\$a10957957
=040  \\$aItRAAR
=245  00$a[McKim, Mead & White building (Rome, Italy), statue (?) in the vestibule]$h[graphic]
=260  \\$c[n.d.]
=300  \\$a1 photographic print :$bblack/white ;$c24 x 18 cm.
=540  \\$aPublication restricted (AAR copyright)$uhttp://photoarchive.aarome.org/index/rights.html
=506  \\$aClosed access material (Archive)$uhttp://photoarchive.aarome.org/index/use.html
=600  10$aMcKim, Charles Follen,$d1847-1909$912382359
=610  20$aAmerican Academy in Rome$xBuildings
=610  24$aMcKim, Mead & White.$912382015
=650  \0$aArchitecture, Modern$y20th century$zItaly
=655  \7$aPhotographic prints$2gmgpc
=662  \\$aItaly$bLazio$dRome$2tgn
=856  41$zAAR Photographic Archive Digital Collection$uhttp://photoarchive.aarome.org/index/index/tsk/mass
=907  \\$a.b15654849$b14-02-13$c04-05-10
=942  \\$cVMPHOTO$00
=998  \\$aa$b29-01-07$cm$dk$e-$fund$git $h0$i0
=999  \\$c125568$d125568
=952  \\$00$10$2gen$40$6AARBPROMEMMW71$70$9125528$aAAROME$bAAROME$cphoto$d2010-05-04$g0.00$oAAR.BP.Rome.MMW.71$p0125528$r2013-08-12$v0.00$w2013-08-12$yVMPHOTO

