=LDR  01637nkm a2200337 a 4500
=001  125569
=008  030102i19271930it\\\\\\\\\\\\\\\0knund\\
=037  \\$aAAR.Buildings.1183$bAAR$cFilm : b/w ; 9 x 12 cm
=037  \\$aAAR.Buildings.1183$bAAR$cAcetate film : b/w ; 6 x 7 cm -- Duplicate
=039  \\$a10949903
=040  \\$aItRAAR
=245  00$a[Via Giacomo Medici (Rome, Italy)]$h[graphic]
=260  \\$c[between 1926 and 1927]
=300  \\$a1 photographic print :$bblack/white ;$c17 x 12 cm.
=500  \\$aPart of: American Academy in Rome Buildings Collection.
=520  \\$aAt right, McKim, Mead and White building; at left, Villa Richardson.
=540  \\$aPublication restricted (AAR copyright)$uhttp://photoarchive.aarome.org/index/rights.html
=506  \\$aClosed access material (Archive)$uhttp://photoarchive.aarome.org/index/use.html
=610  20$aMcKim, Mead & White building (Rome, Italy)$912009586
=610  20$aAmerican Academy in Rome$xBuildings
=610  20$aMcKim, Mead & White.$912382015
=650  \0$aArchitecture, Modern$y20th century$zItaly
=651  \0$aVia Giacomo Medici (Rome, Italy)$912020295
=655  \7$aPhotographic prints$y1920-1930.$2gmgpc
=662  \\$aItaly$bLazio$dRome$2tgn
=856  41$zAAR Photographic Archive Digital Collection$uhttp://photoarchive.aarome.org/index/index/tsk/mass
=907  \\$a.b15654850$b14-02-13$c04-05-10
=942  \\$cVMPHOTO$00
=998  \\$aa$b29-01-07$cm$dk$e-$fund$git $h0$i0
=999  \\$c125569$d125569
=952  \\$00$10$2gen$40$6AARBPROMEMMW80$70$9125529$aAAROME$bAAROME$cphoto$d2010-05-04$g0.00$oAAR.BP.Rome.MMW.80$p0125529$r2013-08-12$v0.00$w2013-08-12$yVMPHOTO

