=LDR  01578nkc a2200325 a 4500
=001  125571
=007  kh\bo\\\\\\\\\\\\\\\\\
=008  030121i19341935it\\\\\\\\\\\\\\\0knund\\
=037  \\$aAAR.Buildings.815/5$bAAR$cAcetate negative : b/w ; 9 x 12 cm.
=037  \\$aAAR.Buildings.815/5$bAAR$cAcetate negative : b/w ; 6 x 7 cm -- Duplicate
=039  \\$a10951682
=040  \\$aItRAAR
=245  00$a[McKim, Mead & White building (Rome, Italy), plantation of a pine in the entrance garden]$h[graphic]
=260  \\$c[between 1924 and 1935?]
=300  \\$a1 photographic print :$bblack/white ;$c24 x 18 cm.
=500  \\$aPart of: American Academy in Rome Buildings Collection.
=540  \\$aPublication restricted (AAR copyright)$uhttp://photoarchive.aarome.org/index/rights.html
=506  \\$aClosed access material (Archive)$uhttp://photoarchive.aarome.org/index/use.html
=610  20$aAmerican Academy in Rome$xBuildings
=610  20$aMcKim, Mead & White.$912382015
=650  \0$aArchitecture, Modern$y20th century$zItaly
=650  \0$aLandscape gardening.$912394275
=655  \7$aPhotographic prints$y1920-1930.$2gmgpc
=662  \\$aItaly$bLazio$dRome$2tgn
=856  41$zAAR Photographic Archive Digital Collection$uhttp://photoarchive.aarome.org/index/index/tsk/mass
=907  \\$a.b15654874$b14-02-13$c04-05-10
=942  \\$cVMPHOTO$00
=998  \\$aa$b29-01-07$cc$dk$e-$fund$git $h0$i2
=999  \\$c125571$d125571
=952  \\$00$10$2z$40$51$6AARBPROMEMMW90$70$9125531$aAAROME$bAAROME$cphoto$d2010-05-04$ePhotographic print$oAAR.BP.Rome.MMW.90$p0125531$r2013-08-12$yVMPHOTO

