=LDR  01640nkm a2200337 a 4500
=001  125691
=007  kh\bo\\\\\\\\\\\\\\\\\
=008  030325i19201930it\\\\\\\\\\\\\\\0knund\\
=037  \\$aAAR.Buildings.1218$bAAR$cAcetate negative : b/w ; 9 x 12 cm.
=037  \\$aAAR.Buildings.1218$bAAR$cAcetate negative : b/w ; 6 x 7 cm -- Duplicate
=039  \\$a10957860
=040  \\$aItRAAR
=245  00$a[McKim, Mead & White building (Rome, Italy), view from main building of a car parked in front of the entrance gate]$h[graphic]
=260  \\$c[between 1920 and 1930?]
=300  \\$a1 photographic print :$bblack/white ;$c18 x 24 cm.
=500  \\$aPart of: American Academy in Rome Buildings Collection.
=540  \\$aPublication restricted (AAR copyright)$uhttp://photoarchive.aarome.org/index/rights.html
=506  \\$aClosed access material (Archive)$uhttp://photoarchive.aarome.org/index/use.html
=610  20$aAmerican Academy in Rome$xBuildings
=610  20$aMcKim, Mead & White.$912382015
=650  \0$aArchitecture$y20th century$zItaly
=650  \0$aLandscape gardening$912394275
=651  \0$aJaniculum (Italy)$912401628
=655  \7$aPhotographic prints$y1920-1930.$2gmgpc
=662  \\$aItaly$bLazio$dRome$2tgn
=856  41$zAAR Photographic Archive Digital Collection$uhttp://photoarchive.aarome.org/index/index/tsk/mass
=907  \\$a.b15661295$b10-04-13$c11-05-10
=942  \\$cVMPHOTO$00
=998  \\$aa$b29-01-07$cm$dk$e-$fund$git $h0$i0
=999  \\$c125691$d125691
=952  \\$00$10$2gen$40$6AARBPROMEMMW96$70$9125650$aAAROME$bAAROME$cphoto$d2010-05-11$g0.00$oAAR.BP.Rome.MMW.96$p0125650$r2013-08-12$v0.00$w2013-08-12$yVMPHOTO

