=LDR  01478nkc a2200325 a 4500
=001  125692
=007  kh\bo\\\\\\\\\\\\\\\\\
=008  030116e1956\\\\it\\\\\\\\\\\\\\\0knund\\
=039  \\$a10951194
=040  \\$aItRAAR
=245  00$a[McKim, Mead & White building with snow (Rome, Italy)]$h[graphic]
=260  \\$c[february 1956]
=300  \\$a5 photographic print :$bblack/white ;$c18 x 24 cm.
=500  \\$aPart of: American Academy in Rome Buildings Collection.
=500  \\$aPrints are variants.
=540  \\$aPublication restricted (AAR copyright)$uhttp://photoarchive.aarome.org/index/rights.html
=506  \\$aClosed access material (Archive)$uhttp://photoarchive.aarome.org/index/use.html
=610  20$aAmerican Academy in Rome$xBuildings
=610  20$aMcKim, Mead & White building (Rome, Italy)$912009586
=610  20$aMcKim, Mead & White.$912382015
=650  \0$aArchitecture, Modern$y20th century$zItaly
=650  \0$aLandscape gardening.$912394275
=655  \7$aPhotographic prints$y1950-1960.$2gmgpc
=662  \\$aItaly$bLazio$dRome$2tgn
=856  41$zAAR Photographic Archive Digital Collection$uhttp://photoarchive.aarome.org/index/index/tsk/mass
=907  \\$a.b15661350$b14-02-13$c11-05-10
=942  \\$cVMPHOTO$00
=998  \\$aa$b11-05-10$cc$dk$e-$fund$git $h0$i0
=999  \\$c125692$d125692
=952  \\$00$10$2gen$40$6AARBPROMEMMW100$70$9125651$aAAROME$bAAROME$cphoto$d2010-05-11$g0.00$oAAR.BP.Rome.MMW.100$p0125651$r2013-08-12$v0.00$w2013-08-12$yVMPHOTO

