=LDR  01553nkc a2200325 a 4500
=001  125695
=007  kh\bo\\\\\\\\\\\\\\\\\
=008  030121i19341935it\\\\\\\\\\\\\\\0knund\\
=037  \\$aAAR.Buildings.984$bAAR$cAcetate negative : b/w ; 9 x 12 cm.
=037  \\$aAAR.Buildings.984$bAAR$cAcetate negative : b/w ; 6 x 7 cm -- Duplicate
=039  \\$a10951682
=040  \\$aItRAAR
=245  00$a[McKim, Mead & White building (Rome, Italy), transport of a horse-statue]$h[graphic]
=260  \\$c[between 1924 and 1935?]
=300  \\$a1 photographic print :$bblack/white ;$c24 x 18 cm.
=500  \\$aPart of: American Academy in Rome Buildings Collection.
=540  \\$aPublication restricted (AAR copyright)$uhttp://photoarchive.aarome.org/index/rights.html
=506  \\$aClosed access material (Archive)$uhttp://photoarchive.aarome.org/index/use.html
=610  20$aAmerican Academy in Rome$xBuildings
=610  20$aMcKim, Mead & White.$912382015
=650  \0$aArchitecture$y20th century$zItaly
=650  \0$aLandscape gardening.$912394275
=655  \7$aPhotographic prints$y1920-1940.$2gmgpc
=662  \\$aItaly$bLazio$dRome$2tgn
=856  41$zAAR Photographic Archive Digital Collection$uhttp://photoarchive.aarome.org/index/index/tsk/mass
=907  \\$a.b15661544$b14-02-13$c11-05-10
=942  \\$cVMPHOTO$00
=998  \\$aa$b29-01-07$cc$dk$e-$fund$git $h0$i0
=999  \\$c125695$d125695
=952  \\$00$10$2gen$40$6AARBPROMEMMW85$70$9125654$aAAROME$bAAROME$cphoto$d2010-05-11$g0.00$oAAR.BP.Rome.MMW.85$p0125654$r2013-08-12$v0.00$w2013-08-12$yVMPHOTO

