=LDR  01510nkm a2200313 a 4500
=001  125697
=007  kh\bo\\\\\\\\\\\\\\\\\
=008  030124i19641980it\\\\\\\\\\\\\\\0knund\\
=039  \\$a10952105
=040  \\$aItRAAR
=245  00$a[McKim, Mead & White building (Rome, Italy), front view from Villa Aurelia]$h[graphic]
=260  \\$c[between 1964 and 1980]
=300  \\$a1 photographic print :$bblack/white ;$c18 x 24 cm.
=500  \\$aPart of: American Academy in Rome Buildings Collection.
=510  3\$aHistory of the American Academy in Rome, 1915,$cp. 9
=540  \\$aPublication restricted (AAR copyright)$uhttp://photoarchive.aarome.org/index/rights.html
=506  \\$aClosed access material (Archive)$uhttp://photoarchive.aarome.org/index/use.html
=610  20$aAmerican Academy in Rome$xBuildings
=610  20$aMcKim, Mead & White building (Rome, Italy)$912009586
=610  24$aMcKim, Mead & White.$912382015
=650  \0$aArchitecture, Modern$y20th century$zUnited States
=655  \7$aPhotographic prints$y1970-1990.$2gmgpc$912737513
=662  \\$aItaly$bLazio$dRome$2tgn
=856  41$zAAR Photographic Archive Digital Collection$uhttp://photoarchive.aarome.org/index/index/tsk/mass
=907  \\$a.b15661672$b14-02-13$c11-05-10
=942  \\$cVMPHOTO$00
=998  \\$aa$b29-01-07$cm$dk$e-$fund$git $h0$i0
=999  \\$c125697$d125697
=952  \\$00$10$2gen$40$6AARBPROMEMMW109$70$9125656$aAAROME$bAAROME$cphoto$d2010-05-11$g0.00$oAAR.BP.Rome.MMW.109$p0125656$r2013-08-12$v0.00$w2013-08-12$yVMPHOTO

