=LDR  01428nkc a2200301 a 4500
=001  125711
=007  kh\bo\\\\\\\\\\\\\\\\\
=008  030326i19211930it\\\\\\\\\\\\\\\0knund\\
=037  \\$aAAR.Buildings.51-52
=039  \\$a10957971
=040  \\$aItRAAR
=245  00$a[McKim, Mead & White building (Rome, Italy), the Founders' courtyard seen from the vestibule]$h[graphic]
=260  \\$c[between 1921 and 1930]
=300  \\$a2 photographic prints (n. 51 e n. 52) :$bblack/white ;$c18 x 24 cm.
=500  \\$aPart of: American Academy in Rome Buildings Collection.
=540  \\$aPublication restricted (AAR copyright)$uhttp://photoarchive.aarome.org/index/rights.html
=506  \\$aClosed access material (Archive)$uhttp://photoarchive.aarome.org/index/use.html
=600  10$aMcKim, Charles Follen,$d1847-1909$912382359
=610  20$aAmerican Academy in Rome$xBuildings
=650  \0$aArchitecture$y20th century$zItaly
=655  \7$aPhotographic prints$y1920-1930.$2gmgpc
=662  \\$aItaly$bLazio$dRome$2tgn
=856  41$zAAR Photographic Archive Digital Collection$uhttp://photoarchive.aarome.org/index/index/tsk/mass
=907  \\$a.b15662020$b14-02-13$c11-05-10
=942  \\$cVMPHOTO$00
=998  \\$aa$b29-01-07$cc$dk$e-$fund$git $h0$i0
=999  \\$c125711$d125711
=952  \\$00$10$2gen$40$6AARBPROMEMMW31$70$9125670$aAAROME$bAAROME$cphoto$d2010-05-11$g0.00$oAAR.BP.Rome.MMW.31$p0125670$r2013-08-12$v0.00$w2013-08-12$yVMPHOTO

