=LDR  01446nkm a2200313 a 4500
=001  126981
=007  kh\bo\\\\\\\\\\\\\\\\\
=008  030428q1914\\\\it\\\\\\\\\\\\\\\0knund\\
=039  \\$a10960303
=040  \\$aItRAAR
=245  00$a[McKim, Mead & White building (Rome, Italy), the Museum]$h[graphic]
=260  \\$c[1914?]
=300  \\$a2 photographic prints, VP and modern print :$bblack/white ;$c24 x 18 cm.
=500  \\$aPart of: American Academy in Rome Buildings Collection.
=540  \\$aPublication restricted (AAR copyright)$uhttp://photoarchive.aarome.org/index/rights.html
=506  \\$aClosed access material (Archive)$uhttp://photoarchive.aarome.org/index/use.html
=600  10$aMcKim, Charles Follen,$d1847-1909$912382359
=610  20$aAmerican Academy in Rome$xBuildings
=610  24$aMcKim, Mead & White.$912382015
=650  \0$aArchitecture$y20th century$zItaly
=650  \0$aLandscape gardening.$912394275
=655  \7$aPhotographic prints$y1910-1920.$2gmgpc
=662  \\$aItaly$bLazio$dRome$2tgn
=856  41$zAAR Photographic Archive Digital Collection$uhttp://photoarchive.aarome.org/index/index/tsk/mass
=907  \\$a.b15767061$b14-02-13$c28-10-10
=942  \\$cVMPHOTO$00
=998  \\$aa$b29-01-07$cm$dk$e-$fund$git $h0$i0
=999  \\$c126981$d126981
=952  \\$00$10$2gen$40$6AARBPROMEMMW137VP$70$9126940$aAAROME$bAAROME$cphoto$d2010-10-28$g0.00$oAAR.BP.Rome.MMW.137(VP)$p0126940$r2013-08-12$v0.00$w2013-08-12$yVMPHOTO

