=LDR  01652nkc a2200349 a 4500
=001  126982
=007  kh\bo\\\\\\\\\\\\\\\\\
=008  030108q1972\\\\it\\\\\\\\\\\\\\\0knund\\
=037  \\$aFUN.14434 F$bAAR$cAcetate negative : b/w ; 9 x 12 cm.
=039  \\$a10950044
=040  \\$aItRAAR
=245  10$a[Rome (Italy), aerial view of the American Academy buildings and grounds on the Janiculum]$h[graphic]
=260  \\$c[1972?]
=300  \\$a1 photographic print :$bblack/white ;$c18 x 28 cm and 19 x 25 cm.
=500  \\$aPart of: American Academy in Rome Buildings Collection.
=540  \\$aPublication restricted (AAR copyright)$uhttp://photoarchive.aarome.org/index/rights.html
=506  \\$aClosed access material (Archive)$uhttp://photoarchive.aarome.org/index/use.html
=610  20$aAmerican Academy in Rome$xBuildings
=610  24$aMcKim, Mead & White.$912382015
=650  \0$aArchitecture$y20th century$zItaly
=651  \0$aJaniculum (Italy)$912401628
=651  \0$aRome (Italy)$xBuildings, structures, etc.$y20th century
=655  \7$aAerial photographs$y1970-1980.$2gmgpc
=655  \7$aPhotographic prints$2gmgpc
=662  \\$aItaly$bLazio$dRome$2tgn
=710  2\$aAmerican Academy in Rome$912378923
=856  41$zAAR Photographic Archive Digital Collection$uhttp://photoarchive.aarome.org/index/index/tsk/mass
=907  \\$a.b15767073$b10-04-13$c28-10-10
=942  \\$cVMPHOTO$00
=998  \\$aa$b29-01-07$cc$dk$e-$fund$git $h0$i0
=999  \\$c126982$d126982
=952  \\$00$10$2gen$40$6AARBPROMESITEAERIALV5$70$9126941$aAAROME$bAAROME$cphoto$d2010-10-28$g0.00$oAAR.BP.Rome.Site.AerialV.5$p0126941$r2013-08-12$v0.00$w2013-08-12$yVMPHOTO

