=LDR  01531nkc a2200337 a 4500
=001  127611
=007  kh\bo\\\\\\\\\\\\\\\\\
=008  021210i19251930it\\\\\\\\\\\\\\\0knund\\
=039  \\$a10948152
=040  \\$aItRAAR
=245  00$a[McKim, Mead & White building (Rome, Italy), main façade, painting]$h[graphic]
=260  \\$c1925-1930
=300  \\$a2 photographic prints :$bblack/white ;$c28 x 40 cm and smaller.
=500  \\$aPart of: American Academy in Rome Buildings Collection.
=500  \\$aPrints are variants.
=510  4\$aAAR Annual Report
=540  \\$aPublication restricted (AAR copyright)$uhttp://photoarchive.aarome.org/index/rights.html
=506  \\$aClosed access material (Archive)$uhttp://photoarchive.aarome.org/index/use.html
=610  20$aAmerican Academy in Rome$xBuildings
=610  20$aMcKim, Mead & White building (Rome, Italy)$912009586
=610  24$aMcKim, Mead & White.$912382015
=650  \0$aArchitecture, Modern$y20th century$zItaly
=650  \0$aLandscape gardening.$912394275
=655  \7$aPhotographic prints$y1920-1930.$2gmgpc
=662  \\$aItaly$bLazio$dRome$2tgn
=856  41$zAAR Photographic Archive Digital Collection$uhttp://photoarchive.aarome.org/index/index/tsk/mass
=907  \\$a.b1580379x$b14-02-13$c13-01-11
=942  \\$cVMPHOTO$00
=998  \\$aa$b12-01-11$cc$dk$e-$fund$git $h0$i0
=999  \\$c127611$d127611
=952  \\$00$10$2gen$40$6AARBPROMEMMW10$70$9127570$aAAROME$bAAROME$cphoto$d2011-01-13$g0.00$oAAR.BP.Rome.MMW.10$p0127570$r2013-08-12$v0.00$w2013-08-12$yVMPHOTO

