=LDR  01311nkc a2200277 a 4500
=001  127612
=007  kh\bo\\\\\\\\\\\\\\\\\
=008  030515n\\\\\\\\it\\\\\\\\\\\\\\\0knund\\
=039  \\$a10961796
=040  \\$aItRAAR
=245  00$a[McKim, Mead & White building (Rome, Italy), the main gate, detail of the top iron decoration]$h[graphic]
=260  \\$c[S.d.]
=300  \\$a1 photographic print :$bblack/white ;$c18 x 24 cm.
=500  \\$aPart of: American Academy in Rome Buildings Collection.
=540  \\$aPublication restricted (AAR copyright)$uhttp://photoarchive.aarome.org/index/rights.html
=506  \\$aClosed access material (Archive)$uhttp://photoarchive.aarome.org/index/use.html
=610  20$aMcKim, Mead & White building (Rome, Italy)$912009586
=650  \0$aArchitecture$y20th century$zItaly$zRome.
=655  \7$aPhotographic prints$2gmgpc
=662  \\$aItaly$bLazio$dRome$2tgn
=856  41$zAAR Photographic Archive Digital Collection$uhttp://photoarchive.aarome.org/index/index/tsk/mass
=907  \\$a.b15803818$b14-02-13$c13-01-11
=942  \\$cVMPHOTO$00
=998  \\$aa$b12-01-11$cc$dk$e-$fund$git $h0$i0
=999  \\$c127612$d127612
=952  \\$00$10$2gen$40$6AARBPROMEMMW11$70$9127571$aAAROME$bAAROME$cphoto$d2011-01-13$g0.00$oAAR.BP.Rome.MMW.11$p0127571$r2013-08-12$v0.00$w2013-08-12$yVMPHOTO

