=LDR  01625nkm a2200337 a 4500
=001  127615
=007  kh\bo\\\\\\\\\\\\\\\\\
=008  030514s1915\\\\it\\\\\\\\\\\\\\\0knund\\
=037  \\$a99a$bAAR$cGlass negative : b/w ; 21 x 27 cm.
=037  \\$a99a$bAAR$cAcetate negative : b/w ; 6 x 7 cm -- Duplicate
=039  \\$a10961677
=040  \\$aItRAAR
=245  00$a[McKim, Mead & White building (Rome, Italy), arcade of the Founders' courtyard]$h[graphic]
=260  \\$c[1912]
=300  \\$a2 photographic prints :$bblack/white ;$c24 x 18 cm.
=500  \\$aPart of: American Academy in Rome Buildings Collection.
=500  \\$aOn the envelope that contained the glass plate: "Van Buren".
=540  \\$aPublication restricted (AAR copyright)$uhttp://photoarchive.aarome.org/index/rights.html
=506  \\$aClosed access material (Archive)$uhttp://photoarchive.aarome.org/index/use.html
=610  20$aAmerican Academy in Rome$xBuildings
=610  20$aMcKim, Mead & White building (Rome, Italy)$912009586
=600  10$aMcKim, Charles Follen,$d1847-1909$912382359
=650  \0$aArchitecture$y20th century$zItaly
=655  \7$aPhotographic prints$y1920-1930.$2gmgpc
=662  \\$aItaly$bLazio$dRome$2tgn
=856  41$zAAR Photographic Archive Digital Collection$uhttp://photoarchive.aarome.org/index/index/tsk/mass
=907  \\$a.b15803909$b14-02-13$c13-01-11
=942  \\$cVMPHOTO$00
=998  \\$aa$b29-01-07$cm$dk$e-$fund$git $h0$i0
=999  \\$c127615$d127615
=952  \\$00$10$2gen$40$6AARBPROMEMMW16$70$9127574$aAAROME$bAAROME$cphoto$d2011-01-13$g0.00$oAAR.BP.Rome.MMW.16$p0127574$r2013-08-12$v0.00$w2013-08-12$yVMPHOTO

