=LDR  01601nkm a2200337 a 4500
=001  127617
=007  kh\bo\\\\\\\\\\\\\\\\\
=008  030514s1915\\\\it\\\\\\\\\\\\\\\0knund\\
=037  \\$a103$bAAR$cGlass negative : b/w ; 21 x 27 cm.
=037  \\$aAAR.Buildings.103$bAAR$cAcetate negative : b/w ; 6 x 7 cm -- Duplicate
=039  \\$a10961677
=040  \\$aItRAAR
=035  \\$a(OCoLC)84569417
=245  00$a[McKim, Mead & White building (Rome, Italy), arcade of the Founders' courtyard, statue]$h[graphic]
=260  \\$c[1915]
=300  \\$a1 photographic print :$bblack/white ;$c24 x 18 cm.
=500  \\$aPart of: American Academy in Rome Buildings Collection.
=540  \\$aPublication restricted (AAR copyright)$uhttp://photoarchive.aarome.org/index/rights.html
=506  \\$aClosed access material (Archive)$uhttp://photoarchive.aarome.org/index/use.html
=600  10$aMcKim, Charles Follen,$d1847-1909$912382359
=610  20$aAmerican Academy in Rome$xBuildings
=610  20$aMcKim, Mead & White building (Rome, Italy)$912009586
=650  \0$aArchitecture$y20th century$zItaly
=655  \7$aPhotographic prints$y1910-1930.$2gmgpc
=662  \\$aItaly$bLazio$dRome$2tgn
=856  41$zAAR Photographic Archive Digital Collection$uhttp://photoarchive.aarome.org/index/index/tsk/mass
=907  \\$a.b1580396x$b14-02-13$c13-01-11
=942  \\$cVMPHOTO$00
=998  \\$aa$b12-01-11$cm$dk$e-$fund$git $h0$i0
=999  \\$c127617$d127617
=952  \\$00$10$2gen$40$6AARBPROMEMMW20$70$9127576$aAAROME$bAAROME$cphoto$d2011-01-13$g0.00$oAAR.BP.Rome.MMW.20$p0127576$r2013-08-12$v0.00$w2013-08-12$yVMPHOTO

