=LDR  01538nkc a2200337 a 4500
=001  127668
=007  kh\bo\\\\\\\\\\\\\\\\\
=008  030428n\\\\\\\\it\\\\\\\\\\\\\\\0knund\\
=039  \\$a10960285
=040  \\$aItRAAR
=245  00$a[McKim, Mead & White building (Rome, Italy), courtyard, front view]$h[graphic]
=260  \\$c[S.d.]
=300  \\$a1 photographic print ;$bblack/white ;$c18 x 24 cm and 20 x 28 cm.
=500  \\$aPrints are variants.
=500  \\$aPart of: American Academy in Rome Buildings Collection.
=540  \\$aPublication restricted (AAR copyright)$uhttp://photoarchive.aarome.org/index/rights.html
=506  \\$aClosed access material (Archive)$uhttp://photoarchive.aarome.org/index/use.html
=600  10$aMcKim, Charles Follen,$d1847-1909$912382359
=610  20$aAmerican Academy in Rome$xBuildings
=610  24$aMcKim, Mead & White.$912382015
=650  \0$aArchitecture, Modern$y20th century$zItaly
=650  \0$aLandscape gardening.$912394275
=655  \7$aPhotographic prints$y1920-1930.$2gmgpc
=662  \\$aItaly$bLazio$dRome$2tgn
=700  1\$aManship, Paul,$d1885-1966$910068441
=856  41$zAAR Photographic Archive Digital Collection$uhttp://photoarchive.aarome.org/index/index/tsk/mass
=907  \\$a.b15808452$b14-02-13$c20-01-11
=942  \\$cVMPHOTO$00
=998  \\$aa$b25-01-07$cc$dk$e-$fund$git $h0$i0
=999  \\$c127668$d127668
=952  \\$00$10$2gen$40$6AARBPROMEMMW54$70$9127627$aAAROME$bAAROME$cphoto$d2011-01-20$g0.00$oAAR.BP.Rome.MMW.54$p0127627$r2013-08-12$v0.00$w2013-08-12$yVMPHOTO

