=LDR  01823nkm a2200349 a 4500
=001  127669
=007  kh\bo\\\\\\\\\\\\\\\\\
=008  030121i19251950it\\\\\\\\\\\\\\\0knund\\
=037  \\$aAAR.Buildings.1651
=040  \\$aItRAAR
=245  00$a[McKim, Mead & White building (Rome, Italy), statue of the case of the Polykleitan Torso in front of the main building, front view]$h[graphic]
=260  \\$c[between 1924 and 1950]
=300  \\$a2 photographic prints :$bblack/white ;$c24 x 17 cm; 17 x 12 cm.
=500  \\$aPart of: American Academy in Rome Buildings Collection.
=500  \\$aThe statue was dismantled in 1950 -- See "A mysterious statue at the American Academy in Rome and the case of the Polykleitan Torso"  J. Collins-Clinton in: Rome and her monuments, Wauconda, Ill.
=540  \\$aPublication restricted (AAR copyright)$uhttp://photoarchive.aarome.org/index/rights.html
=506  \\$aClosed access material (Archive)$uhttp://photoarchive.aarome.org/index/use.html
=600  10$aMcKim, Charles Follen,$d1847-1909$912382359
=610  20$aAmerican Academy in Rome$xBuildings
=610  24$aMcKim, Mead & White.$912382015
=650  \0$aArchitecture, Modern$y20th century$zItaly
=650  \0$aPolyclitus,$d5th cent. B.C.
=650  \0$aLandscape gardening.$912394275
=655  \7$aPhotographic prints$y1920-1930.$2gmgpc
=662  \\$aItaly$bLazio$dRome$2tgn
=700  0\$aCollins, J. 
=856  41$zAAR Photographic Archive Digital Collection$uhttp://photoarchive.aarome.org/index/index/tsk/mass
=907  \\$a.b15808464$b14-02-13$c20-01-11
=942  \\$cVMPHOTO$00
=998  \\$aa$b29-01-07$cm$dk$e-$fund$git $h0$i0
=999  \\$c127669$d127669
=952  \\$00$10$2gen$40$6AARBPROMEMMW66$70$9127628$aAAROME$bAAROME$cphoto$d2011-01-20$g0.00$oAAR.BP.Rome.MMW.66$p0127628$r2013-08-12$v0.00$w2013-08-12$yVMPHOTO

