=LDR  01541nkm a2200325 a 4500
=001  127672
=007  kh\bo\\\\\\\\\\\\\\\\\
=008  030325i19161920it\\\\\\\\\\\\\\\0knund\\
=037  \\$aAAR.Buildings.551
=039  \\$a10957860
=040  \\$aItRAAR
=245  00$a[McKim, Mead & White building (Rome, Italy), portion of back building and  garden. In front view a man, probably kitchen-staff ]$h[graphic]
=260  \\$c[between 1916 and 1920]
=300  \\$a1 photographic print :$bblack/white ;$c18 x 24 cm.
=500  \\$aPart of: American Academy in Rome Buildings Collection.
=510  4\$aAAR Annual Report$c1943-1951
=540  \\$aPublication restricted (AAR copyright)$uhttp://photoarchive.aarome.org/index/rights.html
=506  \\$aClosed access material (Archive)$uhttp://photoarchive.aarome.org/index/use.html
=610  20$aAmerican Academy in Rome$xBuildings
=610  20$aMcKim, Mead & White.$912382015
=650  \0$aArchitecture, Modern$y20th century$zItaly
=650  \0$aLandscape gardening.$912394275
=655  \7$aPhotographic prints$y1920-1920.$2gmgpc$912746499
=662  \\$aItaly$bLazio$dRome$2tgn
=856  41$zAAR Photographic Archive Digital Collection$uhttp://photoarchive.aarome.org/index/index/tsk/mass
=907  \\$a.b1580849x$b14-02-13$c20-01-11
=942  \\$cVMPHOTO$00
=998  \\$aa$b29-01-07$cm$dk$e-$fund$git $h0$i0
=999  \\$c127672$d127672
=952  \\$00$10$2gen$40$6AARBPROMEMMW77$70$9127631$aAAROME$bAAROME$cphoto$d2011-01-20$g0.00$oAAR.BP.Rome.MMW.77$p0127631$r2013-08-12$v0.00$w2013-08-12$yVMPHOTO

