=LDR  01626nkc a2200349 a 4500
=001  127716
=007  kh\bo\\\\\\\\\\\\\\\\\
=008  021210i19251930it\\\\\\\\\\\\\\\0knund\\
=037  \\$a574$bAAR$cGlass negative : b/w ; 13 x 18 cm.
=037  \\$aAAR.911$bAAR$cAcetate negative : b/w ; 6 x 7 cm -- Duplicate
=039  \\$a10948152
=040  \\$aItRAAR
=245  00$a[McKim, Mead & White building (Rome, Italy), main façade and Via Masina from the Villa Aurelia]$h[graphic]
=260  \\$c1925-1930
=300  \\$a3 photographic prints :$bblack/white ;$c28 x 40 cm and smaller.
=500  \\$aPrints are variants.
=510  4\$aAAR Annual Report
=500  \\$aPart of: American Academy in Rome Buildings Collection.
=540  \\$aPublication restricted (AAR copyright)$uhttp://photoarchive.aarome.org/index/rights.html
=506  \\$aClosed access material (Archive)$uhttp://photoarchive.aarome.org/index/use.html
=610  20$aAmerican Academy in Rome$xBuildings
=610  20$aMcKim, Mead & White.$912382015
=650  \0$aArchitecture, Modern$y20th century$zItaly
=650  \0$aLandscape gardening.$912394275
=655  \7$aPhotographic prints$y1920-1930.$2gmgpc
=662  \\$aItaly$bLazio$dRome$2tgn
=856  41$zAAR Photographic Archive Digital Collection$uhttp://photoarchive.aarome.org/index/index/tsk/mass
=907  \\$a.b1581273x$b14-02-13$c25-01-11
=942  \\$cVMPHOTO$00
=998  \\$aa$b29-01-10$cc$dk$e-$fund$git $h0$i0
=999  \\$c127716$d127716
=952  \\$00$10$2gen$40$6AARBPROMEMMW8$70$9127675$aAAROME$bAAROME$cphoto$d2011-01-25$g0.00$oAAR.BP.Rome.MMW.8$p0127675$r2013-08-12$v0.00$w2013-08-12$yVMPHOTO

