=LDR  01667nkc a2200361 a 4500
=001  127719
=007  kh\bo\\\\\\\\\\\\\\\\\
=008  030108q1972\\\\it\\\\\\\\\\\\\\\0knund\\
=037  \\$aAronson XVII -19 V 77
=039  \\$a10950044
=040  \\$aItRAAR
=100  1\$aAronson, Joseph
=245  10$a[Rome (Italy), eyebird aerial view of the American Academy buildings and of Monteverde area]$h[graphic]
=260  \\$c[1977]
=300  \\$a1 photographic print :$bblack/white ;$c18 x 24 cm and 19 x 25 cm.
=500  \\$aPart of: Aronson Collection donated to the AAR Photo Archive in 2005.
=540  \\$aPublication restricted (AAR copyright)$uhttp://photoarchive.aarome.org/index/rights.html
=506  \\$aClosed access material (Archive)$uhttp://photoarchive.aarome.org/index/use.html
=610  20$aAmerican Academy in Rome$xBuildings
=610  24$aMcKim, Mead & White.$912382015
=650  \0$aArchitecture$y20th century$zItaly
=651  \0$aJaniculum (Italy)$912401628
=651  \0$aRome (Italy)$xBuildings, structures, etc.$y20th century
=655  \7$aAerial photographs$y1970-1980.$2gmgpc
=655  \7$aPhotographic prints$2gmgpc
=662  \\$aItaly$bLazio$dRome$2tgn
=710  2\$aAmerican Academy in Rome$912378923
=856  41$zAAR Photographic Archive Digital Collection$uhttp://photoarchive.aarome.org/index/index/tsk/mass
=907  \\$a.b15812832$b10-04-13$c25-01-11
=942  \\$cVMPHOTO$00
=998  \\$aa$b29-01-07$cc$dk$e-$fund$git $h0$i0
=999  \\$c127719$d127719
=952  \\$00$10$2gen$40$6AARBPROMESITEAERIALV7$70$9127678$aAAROME$bAAROME$cphoto$d2011-01-25$g0.00$oAAR.BP.Rome.Site.AerialV.7$p0127678$r2013-08-12$v0.00$w2013-08-12$yVMPHOTO

