=LDR  01536nkc a2200325 a 4500
=001  127762
=007  kh\bo\\\\\\\\\\\\\\\\\
=008  030116e1956\\\\it\\\\\\\\\\\\\\\0knund\\
=039  \\$a10951194
=040  \\$aItRAAR
=100  1\$aFelbermeyer, Johannes,$d1903-1988.$912746958
=245  00$a[McKim, Mead & White building with snow (Rome, Italy), a car is parked in front main gate]$h[graphic]
=260  \\$c[february 1956]
=300  \\$aphotographic print :$bblack/white ;$c18 x 24 cm.
=500  \\$aPart of: American Academy in Rome Buildings Collection.
=540  \\$aPublication restricted (AAR copyright)$uhttp://photoarchive.aarome.org/index/rights.html
=506  \\$aClosed access material (Archive)$uhttp://photoarchive.aarome.org/index/use.html
=610  20$aAmerican Academy in Rome$xBuildings
=610  20$aMcKim, Mead & White building (Rome, Italy)$912009586
=610  20$aMcKim, Mead & White.$912382015
=650  \0$aArchitecture, Modern$y20th century$zItaly
=650  \0$aLandscape gardening.$912394275
=655  \7$aPhotographic prints$y1950-1960.$2gmgpc
=662  \\$aItaly$bLazio$dRome$2tgn
=856  41$zAAR Photographic Archive Digital Collection$uhttp://photoarchive.aarome.org/index/index/tsk/mass
=907  \\$a.b15815250$b14-02-13$c27-01-11
=942  \\$cVMPHOTO$00
=998  \\$aa$b11-05-10$cc$dk$e-$fund$git $h0$i0
=999  \\$c127762$d127762
=952  \\$00$10$2gen$40$6AARBPROMEMMW102$70$9127721$aAAROME$bAAROME$cphoto$d2011-01-27$g0.00$oAAR.BP.Rome.MMW.102$p0127721$r2013-08-12$v0.00$w2013-08-12$yVMPHOTO

