=LDR  01439nkm a2200313 a 4500
=001  127765
=007  kh\bo\\\\\\\\\\\\\\\\\
=008  030428s1970\\\\it\\\\\\\\\\\\\\\0knund\\
=039  \\$a10960293
=040  \\$aItRAAR
=245  00$a[McKim, Mead & White building (Rome, Italy), the main entrance]$h[graphic]
=260  \\$c1970
=300  \\$a1 photographic print ;$bblack/white ;$c24 x 18 cm.
=500  \\$aPart of: American Academy in Rome Buildings Collection.
=540  \\$aPublication restricted (AAR copyright)$uhttp://photoarchive.aarome.org/index/rights.html
=506  \\$aClosed access material (Archive)$uhttp://photoarchive.aarome.org/index/use.html
=610  20$aAmerican Academy in Rome$xBuildings
=610  20$aMcKim, Mead & White building (Rome, Italy)$912009586
=610  20$aMcKim, Mead & White.$912382015
=650  \0$aArchitecture, Modern$y20th century$zItaly
=650  \0$aLandscape gardening.$912394275
=655  \7$aPhotographic prints$y1960-1970.$2gmgpc
=662  \\$aItaly$bLazio$dRome$2tgn
=856  41$zAAR Photographic Archive Digital Collection$uhttp://photoarchive.aarome.org/index/index/tsk/mass
=907  \\$a.b15815286$b14-02-13$c27-01-11
=942  \\$cVMPHOTO$00
=998  \\$aa$b29-01-07$cm$dk$e-$fund$git $h0$i0
=999  \\$c127765$d127765
=952  \\$00$10$2gen$40$6AARBPROMEMMW106$70$9127724$aAAROME$bAAROME$cphoto$d2011-01-27$g0.00$oAAR.BP.Rome.MMW.106$p0127724$r2013-08-12$v0.00$w2013-08-12$yVMPHOTO

