=LDR  01296nkm a2200277 a 4500
=001  127768
=007  kh\bo\\\\\\\\\\\\\\\\\
=008  030326i19701975it\\\\\\\\\\\\\\\0knund\\
=039  \\$a10957957
=040  \\$aItRAAR
=245  00$a[McKim, Mead & White building (Rome, Italy), front view, cars parked]$h[graphic]
=260  \\$c[1970-1975]
=300  \\$aphotographic print :$bcolor ;$c8 x 12 cm.
=500  \\$aPart of: American Academy in Rome Buildings Collection.
=540  \\$aPublication restricted (AAR copyright)$uhttp://photoarchive.aarome.org/index/rights.html
=506  \\$aClosed access material (Archive)$uhttp://photoarchive.aarome.org/index/use.html
=610  20$aMcKim, Mead & White building (Rome, Italy)$912009586
=650  \0$aArchitecture$y20th century$zItaly$zRome.
=655  \7$aPhotographic prints$y1970-1980.$2gmgpc
=662  \\$aItaly$bLazio$dRome$2tgn
=856  41$zAAR Photographic Archive Digital Collection$uhttp://photoarchive.aarome.org/index/index/tsk/mass
=907  \\$a.b15815298$b14-02-13$c27-01-11
=942  \\$cVMPHOTO$00
=998  \\$aa$b29-01-07$cm$dk$e-$fund$git $h0$i0
=999  \\$c127768$d127768
=952  \\$00$10$2gen$40$6AARBPROMEMMW115$70$9127727$aAAROME$bAAROME$cphoto$d2011-01-27$g0.00$oAAR.BP.Rome.MMW.115$p0127727$r2013-08-12$v0.00$w2013-08-12$yVMPHOTO

