=LDR  01963nkc a2200385 a 4500
=001  127828
=007  kh\bo\\\\\\\\\\\\\\\\\
=008  040217c2004\\\\it\\\\\\\\\\\\\\\0knund\\
=039  \\$a10984577
=040  \\$aItRAAR
=100  1\$aWallen, Jonathan$912434167
=245  10$aMcKim, Mead & White building (Rome, Italy),  front gate to main entrance /$cJonathan Wallen.$h[graphic]
=260  \\$cc2004
=300  \\$aphotographic prints :$bcolor;$c21 x 28 cm.
=500  \\$aPart of: American Academy in Rome Buildings Collection.
=505  0\$aSet of 8 photograph donated by Elizabeth White.
=500  \\$aPublished in: McKim, Mead & White: the Masterworks / Samuel G. White and Elizabeth White. Rizzoli, 2004.
=541  \\$cGift$aWhite, Elizabeth
=540  \\$aPublication restricted (AAR copyright)$uhttp://photoarchive.aarome.org/index/rights.html
=506  \\$aClosed access material (Archive)$uhttp://photoarchive.aarome.org/index/use.html
=600  10$aMcKim, Charles Follen,$d1847-1909$912382359
=610  20$aAmerican Academy in Rome$xBuildings
=610  20$aMcKim, Mead & White building (Rome, Italy)$912009586
=610  24$aMcKim, Mead & White.$912382015
=650  \0$aArchitecture, Modern$y20th century$zUnited States
=650  \0$aLandscape gardening.$912394275
=655  \7$aPhotographic prints$y1920-1930.$2gmgpc
=662  \\$aItaly$bLazio$dRome$2tgn
=856  41$zAAR Photographic Archive Digital Collection$uhttp://photoarchive.aarome.org/index/index/tsk/mass
=907  \\$a.b1581872x$b14-02-13$c01-02-11
=942  \\$cVMPHOTO$00
=998  \\$aa$b29-01-07$cc$dk$e-$fund$git $h0$i0
=999  \\$c127828$d127828
=952  \\$00$10$2gen$40$6AARBPROMEMMW126$70$9127787$aAAROME$bAAROME$cphoto$d2011-02-01$g0.00$oAAR.BP.Rome.MMW.126$p0127787$r2013-08-12$v0.00$w2013-08-12$yVMPHOTO
=952  \\$00$10$2gen$40$6AARBPROMEMMW122$70$9128505$aAAROME$bAAROME$cphoto$d2011-05-12$g0.00$oAAR.BP.Rome.MMW.122$p0128505$r2013-08-12$v0.00$w2013-08-12$yVMPHOTO

