=LDR  01718nkm a2200349 a 4500
=001  127830
=007  kh\bo\\\\\\\\\\\\\\\\\
=008  030430q1914\\\\it\\\\\\\\\\\\\\\0knund\\
=037  \\$aAAR.(69)$bAAR$cAcetate negative : b/w ; 6 x 7 cm -- Duplicate
=039  \\$a10960474
=040  \\$aItRAAR
=245  00$a[McKim, Mead & White building (Rome, Italy), the dining room, on the wall painting by Savage (FW.265)]$h[graphic]
=260  \\$c[1914]
=300  \\$a2 photographic prints, vintage and modern duplicate :$bblack/white ;$c24 x 18 cm.
=500  \\$aPart of: American Academy in Rome Buildings Collection.
=500  \\$aStamp of the AAR (NY) on verso of print.
=500  \\$aAAR Annual Report February -- December 1914.
=540  \\$aPublication restricted (AAR copyright)$uhttp://photoarchive.aarome.org/index/rights.html
=506  \\$aClosed access material (Archive)$uhttp://photoarchive.aarome.org/index/use.html
=600  10$aMcKim, Charles Follen,$d1847-1909$912382359
=610  20$aAmerican Academy in Rome$xBuildings
=610  20$aMcKim, Mead & White building (Rome, Italy)$912009586
=610  24$aMcKim, Mead & White.$912382015
=650  \0$aArchitecture$y20th century$zItaly
=655  \7$aPhotographic prints$y1920-1930.$2gmgpc
=662  \\$aItaly$bLazio$dRome$2tgn
=856  41$zAAR Photographic Archive Digital Collection$uhttp://photoarchive.aarome.org/index/index/tsk/mass
=907  \\$a.b15818767$b14-02-13$c01-02-11
=942  \\$cVMPHOTO$00
=998  \\$aa$b29-01-07$cm$dk$e-$fund$git $h0$i0
=999  \\$c127830$d127830
=952  \\$00$10$2gen$40$6AARBPROMEMMW130VP$70$9127789$aAAROME$bAAROME$cphoto$d2011-02-01$g0.00$oAAR.BP.Rome.MMW.130(VP)$p0127789$r2013-08-12$v0.00$w2013-08-12$yVMPHOTO

