=LDR  02317nkm a2200385 a 4500
=001  127939
=008  021217e1956\\\\it\\\\\\\\\\\\\\\0knund\\
=039  \\$a10948968
=040  \\$aItRAAR
=245  00$a[Villino Bellacci (Rome, Italy), under the snow, view of the entrance gate, corner]$h[graphic]
=260  \\$c[1956]
=300  \\$a1 photographic prints :$bblack/white ;$c24 x 18 cm 
=500  \\$aPrints are variants.
=500  \\$aPart of: American Academy in Rome Buildings Collection.
=500  \\$aVillino Bellacci and its guesthouse, known as the Bellaccino, were built at the beginning of the 20th century by a prince of the Torlonia family for his mistress, Cesarina Bellacci. It is a rare example of Arts and Crafts architecture in Rome created in 1907 by a group of artists, including: Duilio Cambellotti, Flavio Giosi, Cesare Picchiarini and Venuto Venuti.
=500  \\$aVillino Bellacci and its guesthouse,  were purchased and donated to the American Academy in Rome by J.Pl. Morgan in 1913.
=500  \\$aIn 2002, the Laboratorio Scaramella duplicated the existing glass plate negatives on acetate negatives 6 x 7 cm and produced the corrisponding prints.
=540  \\$aPublication restricted (AAR copyright)$uhttp://photoarchive.aarome.org/index/rights.html
=506  \\$aClosed access material (Archive)$uhttp://photoarchive.aarome.org/index/use.html
=600  10$aCambellotti, Duilio,$d1876-1960.$912380663
=610  20$aAmerican Academy in Rome$xBuildings
=610  20$aVillino Bellacci (Rome, Italy). $912017777
=651  \0$aJaniculum (Italy)$912401628
=651  \0$aRome (Italy)$xBuildings, structures, etc.$912405938
=655  \7$aPhotographic prints.$2gmgpc
=662  \\$aItaly$bLazio$dRome$2tgn
=700  1\$aScaramella, Lorenzo$912408785
=710  2\$aAmerican Academy in Rome$912378923
=852  \\$aAmerican Academy in Rome$bPhotographic Archive$eRome, ITALY
=856  41$zAAR Photographic Archive Digital Collection$uhttp://photoarchive.aarome.org/index/index/tsk/mass
=907  \\$a.b15827537$b10-04-13$c10-02-11
=942  \\$cVMPHOTO$00
=998  \\$aa$b08-02-11$cm$dk$e-$fund$git $h0$i0
=999  \\$c127939$d127939
=952  \\$00$10$2gen$40$6AARBPROMEVBE7$70$9127898$aAAROME$bAAROME$cphoto$d2011-02-10$g0.00$oAAR.BP.Rome.VBe.7$p0127898$r2013-08-12$v0.00$w2013-08-12$yVMPHOTO

