=LDR  01503nkm a2200313 a 4500
=001  128426
=007  kh\bo\\\\\\\\\\\\\\\\\
=008  030514i19171925it\\\\\\\\\\\\\\\0knund\\
=039  \\$a10961648
=040  \\$aItRAAR
=245  00$a[McKim, Mead & White building (Rome, Italy), Library, main reading room]$h[graphic]
=260  \\$c[between 1914 and 1925]
=300  \\$a3 photographic prints :$bblack/white ;$c20 x 26 cm.
=500  \\$aOn the envelope that contained the glass plate: "Van Buren".
=500  \\$aPart of: American Academy in Rome Buildings Collection.
=540  \\$aPublication restricted (AAR copyright)$uhttp://photoarchive.aarome.org/index/rights.html
=506  \\$aClosed access material (Archive)$uhttp://photoarchive.aarome.org/index/use.html
=610  20$aAmerican Academy in Rome$xBuildings
=610  20$aMcKim, Mead & White building (Rome, Italy)$912009586
=600  10$aMcKim, Charles Follen,$d1847-1909$912382359
=650  \0$aArchitecture$y20th century$zItaly
=655  \7$aPhotographic prints$y1910-1920.$2gmgpc
=662  \\$aItaly$bLazio$dRome$2tgn
=856  41$zAAR Photographic Archive Digital Collection$uhttp://photoarchive.aarome.org/index/index/tsk/mass
=907  \\$a.b15880448$b14-02-13$c28-04-11
=942  \\$cVMPHOTO$00
=998  \\$aa$b29-01-07$cm$dk$e-$fund$git $h0$i0
=999  \\$c128426$d128426
=952  \\$00$10$2gen$40$6AARBPROMEMMW141$70$9128385$aAAROME$bAAROME$cphoto$d2011-04-28$g0.00$oAAR.BP.Rome.MMW.141$p0128385$r2013-08-12$v0.00$w2013-08-12$yVMPHOTO

