=LDR  01601nkm a2200325 a 4500
=001  128437
=007  kh\bo\\\\\\\\\\\\\\\\\
=008  030514i19601970it\\\\\\\\\\\\\\\0knund\\
=037  \\$aAAR.Buildings.$bAAR$cGlass negative : b/w ; 21 x 27 cm.
=037  \\$aAAR.Buildings.$bAAR$cAcetate negative : b/w ; 6 x 7 cm -- Duplicate
=039  \\$a10961650
=040  \\$aItRAAR
=245  00$a[McKim, Mead & White building (Rome, Italy), Library, main reading room room]$h[graphic]
=260  \\$c[between 1960 and 1970]
=300  \\$a1 photographic print :$bblack/white ;$c20 x 26 cm and 10 x 13 cm.
=500  \\$aPart of: American Academy in Rome Buildings Collection.
=540  \\$aPublication restricted (AAR copyright)$uhttp://photoarchive.aarome.org/index/rights.html
=506  \\$aClosed access material (Archive)$uhttp://photoarchive.aarome.org/index/use.html
=610  20$aAmerican Academy in Rome$xBuildings
=610  20$aMcKim, Mead & White building (Rome, Italy)$912009586
=600  10$aMcKim, Charles Follen,$d1847-1909$912382359
=650  \0$aArchitecture$y20th century$zItaly
=655  \7$aPhotographic prints$y1960-1970.$2gmgpc
=662  \\$aItaly$bLazio$dRome$2tgn
=856  41$zAAR Photographic Archive Digital Collection$uhttp://photoarchive.aarome.org/index/index/tsk/mass
=907  \\$a.b15880515$b14-02-13$c28-04-11
=942  \\$cVMPHOTO$00
=998  \\$aa$b28-04-11$cm$dk$e-$fund$git $h0$i0
=999  \\$c128437$d128437
=952  \\$00$10$2gen$40$6AARBPROMEMMW152$70$9128396$aAAROME$bAAROME$cphoto$d2011-04-28$g0.00$oAAR.BP.Rome.MMW.152$p0128396$r2013-08-12$v0.00$w2013-08-12$yVMPHOTO

