=LDR  01622nkm a2200349 a 4500
=001  128443
=008  021217s19261927it\\\\\\\\\\\\\\\0knund\\
=037  \\$aAAR.Buildings.1183$bAAR$cGlass negative : b/w ; 24 x 30 cm
=037  \\$aAAR.Buildings.1183$bAAR$cAcetate film : b/w ; 6 x 7 cm -- Duplicate
=039  \\$a10949033
=040  \\$aItRAAR
=035  \\$a(OCoLC)84254208
=245  00$a[Villa Stolberg (Rome, Italy) and lot n. 5]$h[graphic]
=260  \\$c[between 1926 and 1927]
=300  \\$a1 photographic print :$bblack/white ;$c18 x 24 cm.
=500  \\$aPart of: American Academy in Rome Buildings Collection.
=540  \\$aPublication restricted (AAR copyright)$uhttp://photoarchive.aarome.org/index/rights.html
=506  \\$aClosed access material (Archive)$uhttp://photoarchive.aarome.org/index/use.html
=610  20$aVilla Stolberg (Rome, Italy)
=610  20$aAmerican Academy in Rome$xBuildings
=650  \0$aLandscape gardening.$912394275
=651  \0$aJaniculum (Italy)$912401628
=651  \0$aRome (Italy)$xBuildings, structures, etc.$912405938
=655  \7$aPhotographic prints$y1920-1930.$2gmgpc
=662  \\$aItaly$bLazio$dRome$2tgn
=710  2\$aAmerican Academy in Rome$912378923
=856  41$zAAR Photographic Archive Digital Collection$uhttp://photoarchive.aarome.org/index/index/tsk/mass
=907  \\$a.b15880564$b10-04-13$c28-04-11
=942  \\$cVMPHOTO$00
=998  \\$aa$b28-04-11$cm$dk$e-$fund$git $h0$i0
=999  \\$c128443$d128443
=952  \\$00$10$2gen$40$6AARBPROMEVS1$70$9128402$aAAROME$bAAROME$cphoto$d2011-04-28$g0.00$oAAR.BP.Rome.VS.1$p0128402$r2013-08-12$v0.00$w2013-08-12$yVMPHOTO

