=LDR  01946nkm a2200397 a 4500
=001  128520
=007  kh\bo\\\\\\\\\\\\\\\\\
=008  030102n\\\\\\\\it\\\\\\\\\\\\\\\0knund\\
=037  \\$aAAR.Buildings.$bAAR$cGlass plate : b/w ; 9 x 12 cm
=037  \\$aAAR.Buildings.$bAAR$cAcetate film : b/w ; 6 x 7 cm -- Duplicate
=039  \\$a10949893
=040  \\$aItRAAR
=245  00$a[The site of the future Siro-Maronite College (Rome, Italy) seen from McKim, Mead & White terrace]$h[graphic]
=260  \\$c[S.d.]
=300  \\$a1 photographic print :$bblack/white ;$c18 x 24 cm.
=500  \\$aPart of: American Academy in Rome Buildings Collection.
=500  \\$aOn the envelope that included the print: Ubaid's property.
=500  \\$aMons. Ubaid was the Maronite who formerly owned the property next the McKim, Mead and White building.
=540  \\$aPublication restricted (AAR copyright)$uhttp://photoarchive.aarome.org/index/rights.html
=506  \\$aClosed access material (Archive)$uhttp://photoarchive.aarome.org/index/use.html
=610  20$aSiro-Maronite College (Rome, Italy)
=610  20$aAmerican Academy in Rome$xBuildings
=610  24$aMcKim, Mead & White.$912382015
=650  \0$aArchitecture$y20th century$zItaly
=650  \0$aLandscape gardening.$912394275
=651  \0$aJaniculum (Italy)$912401628
=651  \0$aRome (Italy)$xBuildings, structures, etc.$y20th century
=655  \7$aPhotographic prints$2gmgpc
=662  \\$aItaly$bLazio$dRome$2tgn
=710  2\$aAmerican Academy in Rome$912378923
=856  41$zAAR Photographic Archive Digital Collection$uhttp://photoarchive.aarome.org/index/index/tsk/mass
=907  \\$a.b15891057$b10-04-13$c10-05-11
=942  \\$cVMPHOTO$00
=998  \\$aa$b29-01-07$cm$dk$e-$fund$git $h0$i0
=999  \\$c128520$d128520
=952  \\$00$10$2gen$40$6AARBPROMESIROM1$70$9128479$aAAROME$bAAROME$cphoto$d2011-05-10$g0.00$oAAR.BP.Rome.SiroM.1$p0128479$r2013-08-12$v0.00$w2013-08-12$yVMPHOTO

