=LDR  01854nkc a2200337 a 4500
=001  128547
=007  kh\bo\\\\\\\\\\\\\\\\\
=008  040217c2004\\\\it\\\\\\\\\\\\\\\0knund\\
=039  \\$a10984577
=040  \\$aItRAAR
=100  1\$aWallen, Jonathan$912434167
=245  10$aMcKim, Mead & White building (Rome, Italy), courtyard$cJonathan Wallen.$h[graphic]
=260  \\$cc2004
=300  \\$aphotographic prints :$bcolor;$c21 x 28 cm.
=500  \\$aPart of: American Academy in Rome Buildings Collection.
=505  0\$aSet of 8 photograph donated by Elizabeth White.
=500  \\$aPublished in: McKim, Mead & White: the Masterworks / Samuel G. White and Elizabeth White. Rizzoli, 2004.
=541  \\$cGift$aWhite, Elizabeth
=540  \\$aPublication restricted (AAR copyright)$uhttp://photoarchive.aarome.org/index/rights.html
=506  \\$aClosed access material (Archive)$uhttp://photoarchive.aarome.org/index/use.html
=610  20$aAmerican Academy in Rome$xBuildings
=610  20$aMcKim, Mead & White building (Rome, Italy)$912009586
=600  10$aMcKim, Charles Follen,$d1847-1909$912382359
=856  41$zAAR Photographic Archive Digital Collection$uhttp://photoarchive.aarome.org/index/index/tsk/mass
=907  \\$a.b15893431$b14-02-13$c12-05-11
=942  \\$cVMPHOTO$00
=998  \\$aa$b29-01-07$cc$dk$e-$fund$git $h0$i0
=999  \\$c128547$d128547
=952  \\$00$10$2gen$40$6AARBPROMEMMW123$70$9128506$aAAROME$bAAROME$cphoto$d2011-05-12$g0.00$oAAR.BP.Rome.MMW.123$p0128506$r2013-08-12$v0.00$w2013-08-12$yVMPHOTO
=952  \\$00$10$2gen$40$6AARBPROMEMMW124$70$9128507$aAAROME$bAAROME$cphoto$d2011-05-12$g0.00$oAAR.BP.Rome.MMW.124$p0128507$r2013-08-12$v0.00$w2013-08-12$yVMPHOTO
=952  \\$00$10$2gen$40$6AARBPROMEMMW127$70$9128508$aAAROME$bAAROME$cphoto$d2011-05-12$g0.00$oAAR.BP.Rome.MMW.127$p0128508$r2013-08-12$v0.00$w2013-08-12$yVMPHOTO

