=LDR  01446nkc a2200301 a 4500
=001  128552
=007  kh\bo\\\\\\\\\\\\\\\\\
=008  030514q1960\\\\it\\\\\\\\\\\\\\\0knund\\
=039  \\$a10961633
=040  \\$aItRAAR
=245  00$a[McKim, Mead & White building (Rome, Italy), Library, main reading room seen from the top corridor, a reader at one table]$h[graphic]
=260  \\$c1960
=300  \\$a1 photographic print :$bblack/white ;$c26 x 20 cm.
=500  \\$aPart of: American Academy in Rome Buildings Collection.
=540  \\$aPublication restricted (AAR copyright)$uhttp://photoarchive.aarome.org/index/rights.html
=506  \\$aClosed access material (Archive)$uhttp://photoarchive.aarome.org/index/use.html
=600  10$aMcKim, Charles Follen,$d1847-1909$912382359
=610  20$aAmerican Academy in Rome$xBuildings
=610  24$aMcKim, Mead & White.$912382015
=650  \0$aArchitecture, Modern$y20th century$zItaly
=655  \7$aPhotographic prints$y1960$2gmgpc$912751013
=662  \\$aItaly$bLazio$dRome$2tgn
=856  41$zAAR Photographic Archive Digital Collection$uhttp://photoarchive.aarome.org/index/index/tsk/mass
=907  \\$a.b15893467$b14-02-13$c12-05-11
=942  \\$cVMPHOTO$00
=998  \\$aa$b29-01-07$cc$dk$e-$fund$git $h0$i0
=999  \\$c128552$d128552
=952  \\$00$10$2gen$40$6AARBPROMEMMW154$70$9128511$aAAROME$bAAROME$cphoto$d2011-05-12$g0.00$oAAR.BP.Rome.MMW.154$p0128511$r2013-08-12$v0.00$w2013-08-12$yVMPHOTO

