=LDR  01535nkm a2200313 a 4500
=001  128554
=008  021210q1914\\\\it\\\\\\\\\\\\\\\0knund\\
=039  \\$a10948138
=040  \\$aItRAAR
=245  00$a[McKim, Mead & White building (Rome, Italy), courtyard and arcade under construction]$h[graphic]
=260  \\$c[Jan.? 1914]
=300  \\$a2 photographic prints :$bblack/white ;$c28 x 40 cm.
=500  \\$aPart of: American Academy in Rome Buildings Collection.
=500  \\$aStamped on recto: Impresa costruzioni edilizie V. Ranieri, via Labicana 77, Roma.
=540  \\$aPublication restricted (AAR copyright)$uhttp://photoarchive.aarome.org/index/rights.html
=506  \\$aClosed access material (Archive)$uhttp://photoarchive.aarome.org/index/use.html
=610  20$aAmerican Academy in Rome$xBuildings
=610  20$aMcKim, Mead & White building (Rome, Italy)$912009586
=610  24$aMcKim, Mead & White.$912382015
=650  \0$aArchitecture, Modern$y20th century$zItaly
=650  \0$aLandscape gardening.$912394275
=655  \7$aPhotographic prints$y1920-1930.$2gmgpc
=662  \\$aItaly$bLazio$dRome$2tgn
=856  41$zAAR Photographic Archive Digital Collection$uhttp://photoarchive.aarome.org/index/index/tsk/mass
=907  \\$a.b15893480$b14-02-13$c12-05-11
=942  \\$cVMPHOTO$00
=998  \\$aa$b29-01-07$cm$dk$e-$fund$git $h0$i0
=999  \\$c128554$d128554
=952  \\$00$10$2gen$40$6AARBPROMEMMWLP5$70$9128513$aAAROME$bAAROME$cphoto$d2011-05-12$g0.00$oAAR.BP.Rome.MMW.(LP)5$p0128513$r2013-08-12$v0.00$w2013-08-12$yVMPHOTO

