=LDR  01553nkc a2200337 a 4500
=001  128589
=007  kh\bo\\\\\\\\\\\\\\\\\
=008  030108q1980\\\\it\\\\\\\\\\\\\\\0knund\\
=039  \\$a10950044
=040  \\$aItRAAR
=245  10$a[Rome (Italy),  aerial view of the American Academy buildings and of Monteverde area]$h[graphic]
=260  \\$c[c.1980]
=300  \\$a1 photographic print :$bcolor ;$c 15 x 12 cm.
=500  \\$aPart of: American Academy in Rome Buildings Collection.
=540  \\$aPublication restricted (AAR copyright)$uhttp://photoarchive.aarome.org/index/rights.html
=506  \\$aClosed access material (Archive)$uhttp://photoarchive.aarome.org/index/use.html
=610  20$aAmerican Academy in Rome$xBuildings
=610  24$aMcKim, Mead & White.$912382015
=650  \0$aArchitecture$y20th century$zItaly
=651  \0$aJaniculum (Italy)$912401628
=651  \0$aRome (Italy)$xBuildings, structures, etc.$y20th century
=655  \7$aAerial photographs$y1980.$2gmgpc
=655  \7$aPhotographic prints$2gmgpc
=662  \\$aItaly$bLazio$dRome$2tgn
=710  2\$aAmerican Academy in Rome$912378923
=856  41$zAAR Photographic Archive Digital Collection$uhttp://photoarchive.aarome.org/index/index/tsk/mass
=907  \\$a.b15896870$b10-04-13$c17-05-11
=942  \\$cVMPHOTO$00
=998  \\$aa$b29-01-07$cc$dk$e-$fund$git $h0$i0
=999  \\$c128589$d128589
=952  \\$00$10$2gen$40$6AARBPROMESITEAERIALV8$70$9128548$aAAROME$bAAROME$cphoto$d2011-05-17$g0.00$oAAR.BP.Rome.Site.AerialV.8$p0128548$r2013-08-12$v0.00$w2013-08-12$yVMPHOTO

