=LDR  01649nkm a2200349 a 4500
=001  128592
=007  kh\bo\\\\\\\\\\\\\\\\\
=008  030109i19361940it\\\\\\\\\\\\\\\0knund\\
=037  \\$aAAR.Buildings.965e$bAAR$cAcetate negative : b/w ; 9 x 12 cm.
=037  \\$aAAR.Buildings.965e$bAAR$cAcetate negative : b/w ; 6 x 7 cm -- Duplicate
=039  \\$a10950456
=040  \\$aItRAAR
=035  \\$a(OCoLC)83299444
=245  00$a[McKim, Mead & White building (Rome, Italy), one of the studios seen from the front terrace]$h[graphic]
=260  \\$c[between 1936 and 1940?]
=300  \\$a1 photographic print :$bblack/white ;$c18 x 24 cm.
=500  \\$aPart of: American Academy in Rome Buildings Collection.
=540  \\$aPublication restricted (AAR copyright)$uhttp://photoarchive.aarome.org/index/rights.html
=506  \\$aClosed access material (Archive)$uhttp://photoarchive.aarome.org/index/use.html
=610  20$aAmerican Academy in Rome$xBuildings
=610  20$aMcKim, Mead & White.$912382015
=650  \0$aArchitecture$y20th century$zItaly
=650  \0$aLandscape gardening$912394275
=651  \0$aJaniculum (Italy)$912401628
=655  \7$aPhotographic prints$y1930-1940.$2gmgpc
=662  \\$aItaly$bLazio$dRome$2tgn
=856  41$zAAR Photographic Archive Digital Collection$uhttp://photoarchive.aarome.org/index/index/tsk/mass
=907  \\$a.b15896900$b10-04-13$c17-05-11
=942  \\$cVMPHOTO$00
=998  \\$aa$b29-01-07$cm$dk$e-$fund$git $h0$i0
=999  \\$c128592$d128592
=952  \\$00$10$2gen$40$6AARBPROMEMMW95$70$9128551$aAAROME$bAAROME$cphoto$d2011-05-17$g0.00$oAAR.BP.Rome.MMW.95$p0128551$r2013-08-12$v0.00$w2013-08-12$yVMPHOTO

