=LDR  01325nkm a2200277 a 4500
=001  128593
=007  kh\bo\\\\\\\\\\\\\\\\\
=008  030326i19751977it\\\\\\\\\\\\\\\0knund\\
=039  \\$a10957957
=040  \\$aItRAAR
=245  00$a[McKim, Mead & White building (Rome, Italy), staircase from the vestibule to the courtyard]$h[graphic]
=260  \\$c[1975-1977]
=300  \\$aphotographic print :$bblack/white ;$c13 x 18 cm.
=500  \\$aPart of: American Academy in Rome Buildings Collection.
=540  \\$aPublication restricted (AAR copyright)$uhttp://photoarchive.aarome.org/index/rights.html
=506  \\$aClosed access material (Archive)$uhttp://photoarchive.aarome.org/index/use.html
=610  20$aMcKim, Mead & White building (Rome, Italy)$912009586
=650  \0$aArchitecture$y20th century$zItaly$zRome.
=655  \7$aPhotographic prints$y1970-1980.$2gmgpc
=662  \\$aItaly$bLazio$dRome$2tgn
=856  41$zAAR Photographic Archive Digital Collection$uhttp://photoarchive.aarome.org/index/index/tsk/mass
=907  \\$a.b15896924$b14-02-13$c17-05-11
=942  \\$cVMPHOTO$00
=998  \\$aa$b29-01-07$cm$dk$e-$fund$git $h0$i0
=999  \\$c128593$d128593
=952  \\$00$10$2gen$40$6AARBPROMEMMW110$70$9128552$aAAROME$bAAROME$cphoto$d2011-05-17$g0.00$oAAR.BP.Rome.MMW.110$p0128552$r2013-08-12$v0.00$w2013-08-12$yVMPHOTO

