=LDR  01145nkm a2200241 a 4500
=001  129000
=008  021204s1973\\\\it\\\\\\\\\\\\\\\0knund\\
=039  \\$a10947220
=040  \\$aItRAAR
=245  00$a[Villa Aurelia (Rome, Italy), North façade, main entrance]$h[graphic]
=260  \\$c1973.
=300  \\$a3 photographic prints :$bcolor ;$c8,5 x 12,5 cm.
=500  \\$aPart of: American Academy in Rome Buildings Collection.
=540  \\$aPublication restricted (AAR copyright)$uhttp://photoarchive.aarome.org/index/rights.html
=506  \\$aClosed access material (Archive)$uhttp://photoarchive.aarome.org/index/use.html
=610  20$aVilla Aurelia (Rome, Italy)$911524480
=610  20$aAmerican Academy in Rome$xBuildings
=856  41$zAAR Photographic Archive Digital Collection$uhttp://photoarchive.aarome.org/index/index/tsk/mass
=907  \\$a.b1592354x$b14-02-13$c28-06-11
=942  \\$cVMPHOTO$00
=998  \\$aa$b29-01-07$cm$dk$e-$fund$git $h0$i0
=999  \\$c129000$d129000
=952  \\$00$10$2gen$40$6AARBPROMEVAURELIA63$70$9128959$aAAROME$bAAROME$cphoto$d2011-06-28$g0.00$oAAR.BP.Rome.VAurelia.63$p0128959$r2013-08-12$v0.00$w2013-08-12$yVMPHOTO

