=LDR  01929nkm a2200373 a 4500
=001  129002
=008  021203i18901909it\\\\\\\\\\\\\\\0knund\\
=039  \\$a10946921
=040  \\$aItRAAR
=245  00$a[Villa Aurelia (Rome, Italy), distant view of façade from South]$h[graphic]
=260  \\$c[between 1890 and 1909]
=300  \\$a1 photographic print :$bblack/white ;$c11 x 14 cm.
=500  \\$aOn the Photograph signed the "Academy of France"
=500  \\$aPart of: American Academy in Rome Buildings Collection.
=500  \\$aMrs. Heyland bought the Villa Savorelli in 1879 and occupied it, with her husband, until her death in 1909, renaming it Villa Aurelia. She bequeathed the Villa to the American Academy in Rome.
=500  \\$aThe building was called at time Casino Farnese.
=540  \\$aPublication restricted (AAR copyright)$uhttp://photoarchive.aarome.org/index/rights.html
=506  \\$aClosed access material (Archive)$uhttp://photoarchive.aarome.org/index/use.html
=610  20$aVilla Aurelia (Rome, Italy)$911524480
=610  20$aAmerican Academy in Rome$xBuildings
=610  20$aCasino Farnese (Rome, Italy)$xHistory.
=650  \0$aArchitecture$y17th century$zItaly$zRome
=650  \0$aLandscape gardening.$912394275
=651  \0$aJaniculum (Italy)$912401628
=651  \0$aRome (Italy)$xBuildings, structures, etc.$912405938
=655  \7$aPhotographic prints$y1880-1910.$2gmgpc
=662  \\$aItaly$bLazio$dRome$2tgn
=710  2\$aAmerican Academy in Rome$912378923
=856  41$zAAR Photographic Archive Digital Collection$uhttp://photoarchive.aarome.org/index/index/tsk/mass
=907  \\$a.b15923599$b10-04-13$c28-06-11
=942  \\$cVMPHOTO$00
=998  \\$aa$b29-01-07$cm$dk$e-$fund$git $h0$i0
=999  \\$c129002$d129002
=952  \\$00$10$2gen$40$6AARBPROMEVAURELIA40VP$70$9128961$aAAROME$bAAROME$cphoto$d2011-06-28$g0.00$oAAR.BP.Rome.VAurelia.40VP$p0128961$r2013-08-12$v0.00$w2013-08-12$yVMPHOTO

