=LDR  01159nkm a2200241 a 4500
=001  129005
=008  021204q2000\\\\it\\\\\\\\\\\\\\\0knund\\
=039  \\$a10947220
=040  \\$aItRAAR
=245  00$a[Villa Aurelia (Rome, Italy), top floor, dining room during restoration]$h[graphic]
=260  \\$c2000
=300  \\$a1 photographic print :$bblack/white ;$c18 x 24 cm.
=500  \\$aPart of: American Academy in Rome Buildings Collection.
=540  \\$aPublication restricted (AAR copyright)$uhttp://photoarchive.aarome.org/index/rights.html
=506  \\$aClosed access material (Archive)$uhttp://photoarchive.aarome.org/index/use.html
=610  20$aVilla Aurelia (Rome, Italy)$911524480
=610  20$aAmerican Academy in Rome$xBuildings
=856  41$zAAR Photographic Archive Digital Collection$uhttp://photoarchive.aarome.org/index/index/tsk/mass
=907  \\$a.b15924750$b14-02-13$c30-06-11
=942  \\$cVMPHOTO$00
=998  \\$aa$b29-01-07$cm$dk$e-$fund$git $h0$i0
=999  \\$c129005$d129005
=952  \\$00$10$2gen$40$6AARBPROMEVAURELIA64$70$9128964$aAAROME$bAAROME$cphoto$d2011-06-30$g0.00$oAAR.BP.Rome.VAurelia.64$p0128964$r2013-08-12$v0.00$w2013-08-12$yVMPHOTO

