=LDR  01908nkm a2200373 a 4500
=001  129006
=008  021203s1911\\\\it\\\\\\\\\\\\\\\0knund\\
=039  \\$a10946970
=040  \\$aItRAAR
=245  00$a[Villa Aurelia (Rome, Italy), panoramic view from North to South]$h[graphic]
=260  \\$c1911.
=300  \\$a1 photographic print :$bblack/white ;$c21 x 28 cm.
=500  \\$aStamp fo the American Academy in Rome on verso.
=500  \\$aPart of: American Academy in Rome Buildings Collection.
=500  \\$aMrs. Heyland bought the Villa Savorelli in 1879 and occupied it, with her husband, until her death in 1909, renaming it Villa Aurelia. She bequeathed the Villa to the American Academy in Rome.
=500  \\$aThe building was called at time Casino Farnese.
=540  \\$aPublication restricted (AAR copyright)$uhttp://photoarchive.aarome.org/index/rights.html
=506  \\$aClosed access material (Archive)$uhttp://photoarchive.aarome.org/index/use.html
=610  20$aVilla Aurelia (Rome, Italy)$911524480
=610  20$aAmerican Academy in Rome$xBuildings
=610  20$aCasino Farnese (Rome, Italy)$xHistory.
=650  \0$aArchitecture$y17th century$zItaly$zRome
=650  \0$aLandscape gardening.$912394275
=651  \0$aJaniculum (Italy)$912401628
=651  \0$aRome (Italy)$xBuildings, structures, etc.$912405938
=655  \7$aPhotographic prints$y1880-1910.$2gmgpc
=662  \\$aItaly$bLazio$dRome$2tgn
=710  2\$aAmerican Academy in Rome$912378923
=856  41$zAAR Photographic Archive Digital Collection$uhttp://photoarchive.aarome.org/index/index/tsk/mass
=907  \\$a.b15924762$b10-04-13$c30-06-11
=942  \\$cVMPHOTO$00
=998  \\$aa$b29-01-07$cm$dk$e-$fund$git $h0$i0
=999  \\$c129006$d129006
=952  \\$00$10$2gen$40$6AARBPROMEVAURELIA42A$70$9128965$aAAROME$bAAROME$cphoto$d2011-06-30$g0.00$oAAR.BP.Rome.VAurelia.42a$p0128965$r2013-08-12$v0.00$w2013-08-12$yVMPHOTO

