=LDR  02896nkm a2200445 a 4500
=001  129123
=008  021210e1912\\\\it\\\\\\\\\\\\\\\0knund\\
=039  \\$a10948138
=040  \\$aItRAAR
=245  00$a[Area of foundations of the McKim Mead  & White building (Rome, Italy)]$h[graphic]
=260  \\$c[1912]
=300  \\$a1 photographic print :$bblack/white ;$c15 x 9 cm.
=500  \\$aPart of: American Academy in Rome Buildings Collection.
=500  \\$aThis photograph is part of the album documenting the construction of the McKim Mead & White building in 1919 consisting in totally 89 vintage prints. 
=545  \\$aAnnotated on the photograph "7 August 1912".
=540  \\$aPublication restricted (AAR copyright)$uhttp://photoarchive.aarome.org/index/rights.html
=506  \\$aClosed access material (Archive)$uhttp://photoarchive.aarome.org/index/use.html
=600  10$aMcKim, Charles Follen,$d1847-1909$912382359
=610  20$aAmerican Academy in Rome$xBuildings
=610  24$aMcKim, Mead & White.$912382015
=650  \0$aArchitecture$y20th century$zItaly
=650  \0$aLandscape gardening.$912394275
=651  \0$aJaniculum (Italy)$912401628
=651  \0$aRome (Italy)$xBuildings, structures, etc.$y20th century
=655  \7$aPhotographic prints$y1910-1920.$2gmgpc
=662  \\$aItaly$bLazio$dRome$2tgn
=710  2\$aAmerican Academy in Rome$912378923
=710  2\$aMcKim, Mead & White$912382015
=856  41$zAAR Photographic Archive Digital Collection$uhttp://photoarchive.aarome.org/index/index/tsk/mass
=907  \\$a.b15942521$b10-04-13$c21-07-11
=942  \\$cVMPHOTO$00
=998  \\$aa$b21-07-11$cm$dk$e-$fund$git $h0$i0
=999  \\$c129123$d129123
=952  \\$00$10$2gen$40$6AARBPROMEMMWALBUM5$70$9129081$aAAROME$bAAROME$cphoto$d2011-07-21$g0.00$oAAR.BP.Rome.MMW.Album.5$p0129081$r2013-08-12$v0.00$w2013-08-12$yVMPHOTO
=952  \\$00$10$2gen$40$6AARBPROMEMMWALBUM6$70$9129083$aAAROME$bAAROME$cphoto$d2011-07-21$g0.00$oAAR.BP.Rome.MMW.Album.6$p0129083$r2013-08-12$v0.00$w2013-08-12$yVMPHOTO
=952  \\$00$10$2gen$40$6AARBPROMEMMWALBUM7$70$9129084$aAAROME$bAAROME$cphoto$d2011-07-21$g0.00$oAAR.BP.Rome.MMW.Album.7$p0129084$r2013-08-12$v0.00$w2013-08-12$yVMPHOTO
=952  \\$00$10$2gen$40$6AARBPROMEMMWALBUM14$70$9129085$aAAROME$bAAROME$cphoto$d2011-07-21$g0.00$oAAR.BP.Rome.MMW.Album.14$p0129085$r2013-08-12$v0.00$w2013-08-12$yVMPHOTO
=952  \\$00$10$2gen$40$6AARBPROMEMMWALBUM15$70$9129086$aAAROME$bAAROME$cphoto$d2011-07-21$g0.00$oAAR.BP.Rome.MMW.Album.15$p0129086$r2013-08-12$v0.00$w2013-08-12$yVMPHOTO
=952  \\$00$10$2gen$40$6AARBPROMEMMWALBUM16$70$9129087$aAAROME$bAAROME$cphoto$d2011-07-21$g0.00$oAAR.BP.Rome.MMW.Album.16$p0129087$r2013-08-12$v0.00$w2013-08-12$yVMPHOTO
=952  \\$00$10$2gen$40$6AARBPROMEMMWALBUM16$70$9129093$aAAROME$bAAROME$cphoto$d2011-07-21$g0.00$oAAR.BP.Rome.MMW.Album.16$p0129093$r2013-08-12$v0.00$w2013-08-12$yVMPHOTO

