=LDR  02450nkm a2200421 a 4500
=001  129138
=008  021210e1912\\\\it\\\\\\\\\\\\\\\0knund\\
=039  \\$a10948138
=040  \\$aItRAAR
=245  00$a[Laying foundations of the McKim Mead & White building (Rome, Italy), on the left Villino Bellacci]$h[graphic]
=260  \\$c[1912]
=300  \\$a1 photographic print :$bblack/white ;$c15 x 9 cm.
=500  \\$aPart of: American Academy in Rome Buildings Collection.
=500  \\$aArchitects: McKim Mead & White.
=500  \\$aThis photograph is part of the album documenting the construction of the McKim Mead & White building in 1919 consisting in totally 89 vintage prints. 
=545  \\$aAnnotated on the photograph "7 August 1912".
=540  \\$aPublication restricted (AAR copyright)$uhttp://photoarchive.aarome.org/index/rights.html
=506  \\$aClosed access material (Archive)$uhttp://photoarchive.aarome.org/index/use.html
=610  20$aAmerican Academy in Rome$xBuildings
=600  10$aMcKim, Charles Follen,$d1847-1909$912382359
=610  24$aMcKim, Mead & White.$912382015
=650  \0$aArchitecture$y20th century$zItaly
=650  \0$aLandscape gardening.$912394275
=651  \0$aJaniculum (Italy)$912401628
=651  \0$aRome (Italy)$xBuildings, structures, etc.$y20th century
=655  \7$aPhotographic prints$y1910-1920.$2gmgpc
=662  \\$aItaly$bLazio$dRome$2tgn
=710  2\$aAmerican Academy in Rome$912378923
=710  2\$aMcKim, Mead & White$912382015
=856  41$zAAR Photographic Archive Digital Collection$uhttp://photoarchive.aarome.org/index/index/tsk/mass
=907  \\$a.b15942648$b10-04-13$c21-07-11
=942  \\$cVMPHOTO$00
=998  \\$aa$b21-07-11$cm$dk$e-$fund$git $h0$i0
=999  \\$c129138$d129138
=952  \\$00$10$2gen$40$6AARBPROMEMMWALBUM10$70$9129096$aAAROME$bAAROME$cphoto$d2011-07-21$g0.00$oAAR.BP.Rome.MMW.Album.10$p0129096$r2013-08-12$v0.00$w2013-08-12$yVMPHOTO
=952  \\$00$10$2gen$40$6AARBPROMEMMWALBUM18$70$9129097$aAAROME$bAAROME$cphoto$d2011-07-21$g0.00$oAAR.BP.Rome.MMW.Album.18$p0129097$r2013-08-12$v0.00$w2013-08-12$yVMPHOTO
=952  \\$00$10$2gen$40$6AARBPROMEMMWALBUM26$70$9129098$aAAROME$bAAROME$cphoto$d2011-07-21$g0.00$oAAR.BP.Rome.MMW.Album.26$p0129098$r2013-08-12$v0.00$w2013-08-12$yVMPHOTO
=952  \\$00$10$2gen$40$6AARBPROMEMMWALBUM28$70$9129099$aAAROME$bAAROME$cphoto$d2011-07-21$g0.00$oAAR.BP.Rome.MMW.Album.28$p0129099$r2013-08-12$v0.00$w2013-08-12$yVMPHOTO

