=LDR  02250nkm a2200409 a 4500
=001  129276
=008  021210e1912\\\\it\\\\\\\\\\\\\\\0knund\\
=039  \\$a10948138
=040  \\$aItRAAR
=245  00$a[Laying foundations of the McKim Mead & White building (Rome, Italy)]$h[graphic]
=260  \\$c[1912]
=300  \\$a1 photographic print :$bblack/white ;$c15 x 9 cm.
=500  \\$aPart of: American Academy in Rome Buildings Collection.
=500  \\$aArchitects: McKim Mead & White.
=500  \\$aThis photograph is part of the album documenting the construction of the McKim Mead & White building in 1919 consisting in totally 89 vintage prints. 
=520  \\$aThe succession of photographic prints shows the main building to be under construction from Aug. 7th 1912 to April 23rd 1914.
=515  \\$aIn the album the missing photographs are: nn. from 1 to 5, 29 and 30.
=545  \\$aAnnotated on the photograph "7 August 1912".
=540  \\$aPublication restricted (AAR copyright)$uhttp://photoarchive.aarome.org/index/rights.html
=506  \\$aClosed access material (Archive)$uhttp://photoarchive.aarome.org/index/use.html
=600  10$aMcKim, Charles Follen,$d1847-1909$912382359
=610  20$aAmerican Academy in Rome$xBuildings
=610  24$aMcKim, Mead & White.$912382015
=650  \0$aArchitecture$y20th century$zItaly
=650  \0$aLandscape gardening.$912394275
=651  \0$aJaniculum (Italy)$912401628
=651  \0$aRome (Italy)$xBuildings, structures, etc.$y20th century
=655  \7$aPhotographic prints$y1910-1920.$2gmgpc
=662  \\$aItaly$bLazio$dRome$2tgn
=710  2\$aAmerican Academy in Rome$912378923
=856  41$zAAR Photographic Archive Digital Collection$uhttp://photoarchive.aarome.org/index/index/tsk/mass
=907  \\$a.b15946034$b10-04-13$c26-07-11
=942  \\$cVMPHOTO$00
=998  \\$aa$b21-07-11$cm$dk$e-$fund$git $h0$i0
=999  \\$c129276$d129276
=952  \\$00$10$2gen$40$6AARBPROMEMMWALBUM33$70$9129234$aAAROME$bAAROME$cphoto$d2011-07-26$g0.00$oAAR.BP.Rome.MMW.Album.33$p0129234$r2013-08-12$v0.00$w2013-08-12$yVMPHOTO
=952  \\$00$10$2gen$40$6AARBPROMEMMWALBUM34$70$9129235$aAAROME$bAAROME$cphoto$d2011-07-26$g0.00$oAAR.BP.Rome.MMW.Album.34$p0129235$r2013-08-12$v0.00$w2013-08-12$yVMPHOTO

