=LDR  02800nkm a2200385 a 4500
=001  129278
=008  021210e1912\\\\it\\\\\\\\\\\\\\\0knund\\
=039  \\$a10948138
=040  \\$aItRAAR
=245  00$a[Scaffoldings of  the McKim Mead & White building (Rome, Italy)]$h[graphic]
=260  \\$c[1912]
=300  \\$a1 photographic print :$bblack/white ;$c15 x 9 cm.
=500  \\$aPart of: American Academy in Rome Buildings Collection.
=500  \\$aArchitects: McKim Mead & White.
=500  \\$aThis photograph is part of the album documenting the construction of the McKim Mead & White building in 1919 consisting in totally 89 vintage prints. 
=520  \\$aThe succession of photographic prints shows the main building to be under construction from Aug. 7th 1912 to April 23rd 1914.
=515  \\$aIn the album the missing photographs are: nn. from 1 to 5, 29 and 30.
=545  \\$aAnnotated on the photograph "7 August 1912".
=540  \\$aPublication restricted (AAR copyright)$uhttp://photoarchive.aarome.org/index/rights.html
=506  \\$aClosed access material (Archive)$uhttp://photoarchive.aarome.org/index/use.html
=610  20$aAmerican Academy in Rome$xBuildings
=651  \0$aRome (Italy)$xBuildings, structures, etc.$y20th century
=610  20$aMcKim, Mead & White building (Rome, Italy)$912009586
=856  41$zAAR Photographic Archive Digital Collection$uhttp://photoarchive.aarome.org/index/index/tsk/mass
=907  \\$a.b15946046$b14-02-13$c26-07-11
=942  \\$cVMPHOTO$00
=998  \\$aa$b21-07-11$cm$dk$e-$fund$git $h0$i0
=999  \\$c129278$d129278
=952  \\$00$10$2gen$40$6AARBPROMEMMWALBUM35$70$9129236$aAAROME$bAAROME$cphoto$d2011-07-26$g0.00$oAAR.BP.Rome.MMW.Album.35$p0129236$r2013-08-12$v0.00$w2013-08-12$yVMPHOTO
=952  \\$00$10$2gen$40$6AARBPROMEMMWALBUM36$70$9129237$aAAROME$bAAROME$cphoto$d2011-07-26$g0.00$oAAR.BP.Rome.MMW.Album.36$p0129237$r2013-08-12$v0.00$w2013-08-12$yVMPHOTO
=952  \\$00$10$2gen$40$6AARBPROMEMMWALBUM37$70$9129238$aAAROME$bAAROME$cphoto$d2011-07-26$g0.00$oAAR.BP.Rome.MMW.Album.37$p0129238$r2013-08-12$v0.00$w2013-08-12$yVMPHOTO
=952  \\$00$10$2gen$40$6AARBPROMEMMWALBUM38$70$9129239$aAAROME$bAAROME$cphoto$d2011-07-26$g0.00$oAAR.BP.Rome.MMW.Album.38$p0129239$r2013-08-12$v0.00$w2013-08-12$yVMPHOTO
=952  \\$00$10$2gen$40$6AARBPROMEMMWALBUM39$70$9129240$aAAROME$bAAROME$cphoto$d2011-07-26$g0.00$oAAR.BP.Rome.MMW.Album.39$p0129240$r2013-08-12$v0.00$w2013-08-12$yVMPHOTO
=952  \\$00$10$2gen$40$6AARBPROMEMMWALBUM40$70$9129241$aAAROME$bAAROME$cphoto$d2011-07-26$g0.00$oAAR.BP.Rome.MMW.Album.40$p0129241$r2013-08-12$v0.00$w2013-08-12$yVMPHOTO
=952  \\$00$10$2gen$40$6AARBPROMEMMWALBUM41$70$9129242$aAAROME$bAAROME$cphoto$d2011-07-26$g0.00$oAAR.BP.Rome.MMW.Album.41$p0129242$r2013-08-12$v0.00$w2013-08-12$yVMPHOTO

