=LDR  02456nkm a2200361 a 4500
=001  129287
=008  021210e1912\\\\it\\\\\\\\\\\\\\\0knund\\
=039  \\$a10948138
=040  \\$aItRAAR
=245  00$a[Interior scaffoldings of the McKim Mead & White building (Rome, Italy)]$h[graphic]
=260  \\$c[1912]
=300  \\$a1 photographic print :$bblack/white ;$c15 x 9 cm.
=500  \\$aPart of: American Academy in Rome Buildings Collection.
=500  \\$aArchitects: McKim Mead & White.
=500  \\$aThis photograph is part of the album documenting the construction of the McKim Mead & White building in 1919 consisting in totally 89 vintage prints. 
=520  \\$aThe succession of photographic prints shows the main building to be under construction from Aug. 7th 1912 to April 23rd 1914.
=515  \\$aIn the album the missing photographs are: nn. from 1 to 5, 29 and 30.
=545  \\$aPencil note on photograph:  "7 August 1912".
=540  \\$aPublication restricted (AAR copyright)$uhttp://photoarchive.aarome.org/index/rights.html
=506  \\$aClosed access material (Archive)$uhttp://photoarchive.aarome.org/index/use.html
=610  20$aAmerican Academy in Rome$xBuildings
=651  \0$aRome (Italy)$xBuildings, structures, etc.$y20th century
=610  20$aMcKim, Mead & White building (Rome, Italy)$912009586
=856  41$zAAR Photographic Archive Digital Collection$uhttp://photoarchive.aarome.org/index/index/tsk/mass
=907  \\$a.b15946071$b14-02-13$c26-07-11
=942  \\$cVMPHOTO$00
=998  \\$aa$b21-07-11$cm$dk$e-$fund$git $h0$i0
=999  \\$c129287$d129287
=952  \\$00$10$2gen$40$6AARBPROMEMMWALBUM44$70$9129245$aAAROME$bAAROME$cphoto$d2011-07-26$g0.00$oAAR.BP.Rome.MMW.Album.44$p0129245$r2013-08-12$v0.00$w2013-08-12$yVMPHOTO
=952  \\$00$10$2gen$40$6AARBPROMEMMWALBUM45$70$9129246$aAAROME$bAAROME$cphoto$d2011-07-26$g0.00$oAAR.BP.Rome.MMW.Album.45$p0129246$r2013-08-12$v0.00$w2013-08-12$yVMPHOTO
=952  \\$00$10$2gen$40$6AARBPROMEMMWALBUM49$70$9129247$aAAROME$bAAROME$cphoto$d2011-07-26$g0.00$oAAR.BP.Rome.MMW.Album.49$p0129247$r2013-08-12$v0.00$w2013-08-12$yVMPHOTO
=952  \\$00$10$2gen$40$6AARBPROMEMMWALBUM54$70$9129248$aAAROME$bAAROME$cphoto$d2011-07-26$g0.00$oAAR.BP.Rome.MMW.Album.54$p0129248$r2013-08-12$v0.00$w2013-08-12$yVMPHOTO
=952  \\$00$10$2gen$40$6AARBPROMEMMWALBUM55$70$9129249$aAAROME$bAAROME$cphoto$d2011-07-26$g0.00$oAAR.BP.Rome.MMW.Album.55$p0129249$r2013-08-12$v0.00$w2013-08-12$yVMPHOTO

