=LDR  01517nkm a2200337 a 4500
=001  129851
=008  021204s1960\\\\it\\\\\\\\\\\\\\\0knund\\
=039  \\$a10947292
=040  \\$aItRAAR
=035  \\$a(OCoLC)79271120
=245  00$a[Villa Aurelia (Rome, Italy), aerial view]$h[graphic]
=260  \\$c[1960]
=300  \\$a1 photographic print :$bblack/white ;$c20 x 26 cm.
=500  \\$aPart of: American Academy in Rome Buildings Collection.
=540  \\$aPublication restricted (AAR copyright)$uhttp://photoarchive.aarome.org/index/rights.html
=506  \\$aClosed access material (Archive)$uhttp://photoarchive.aarome.org/index/use.html
=610  20$aAmerican Academy in Rome$xBuildings
=610  24$aMcKim, Mead & White.$912382015
=650  \0$aArchitecture$y20th century$zItaly
=651  \0$aJaniculum (Italy)$912401628
=651  \0$aRome (Italy)$xBuildings, structures, etc.$y20th century
=655  \7$aAerial photographs$y1950-1960.$2gmgpc
=655  \7$aPhotographic prints$2gmgpc
=662  \\$aItaly$bLazio$dRome$2tgn
=710  2\$aAmerican Academy in Rome$912378923
=856  41$zAAR Photographic Archive Digital Collection$uhttp://photoarchive.aarome.org/index/index/tsk/mass
=907  \\$a.b16022932$b10-04-13$c03-11-11
=942  \\$cVMPHOTO$00
=998  \\$aa$b29-01-07$cm$dk$e-$fund$git $h0$i0
=999  \\$c129851$d129851
=952  \\$00$10$2gen$40$6AARBPROMESITEAERIALV11$70$9129809$aAAROME$bAAROME$cphoto$d2011-11-03$g0.00$oAAR.BP.Rome.Site.AerialV.11$p0129809$r2013-08-12$v0.00$w2013-08-12$yVMPHOTO

