=LDR  02381nkm a2200433 a 4500
=001  130004
=007  kh\bo\\\\\\\\\\\\\\\\\
=008  021119i18791909it\\\\\\\\\\\\\\\0knund\\
=037  \\$aAAR.9$bAAR$cGlass plate : b/w ; 13 x 18 cm.
=037  \\$aAAR.9$bAAR$cAcetate film : b/w ; 6 x 7 cm -- Duplicate
=039  \\$a10945208
=040  \\$aItRAAR
=035  \\$a(OCoLC)81698391
=245  00$a[Villa Aurelia (Rome, Italy) in the time of Clara Jessup Heyland, the household]$h[graphic]
=260  \\$c[between 1879 and 1909]
=300  \\$a1 photographic print :$bblack/white ;$c21 x 26 cm.
=500  \\$aOn the verso of the board there is a complete list of householders' names, with details on dates.
=500  \\$aPart of: American Academy in Rome Buildings Collection.
=500  \\$aMrs. Heyland bought the Villa Savorelli in 1879 and occupied it, with her husband, until her death in 1909, renaming it Villa Aurelia. She bequeathed the Villa to the American Academy in Rome.
=500  \\$aThe building was called at time Casino Farnese.
=540  \\$aPublication restricted (AAR copyright)$uhttp://photoarchive.aarome.org/index/rights.html
=506  \\$aClosed access material (Archive)$uhttp://photoarchive.aarome.org/index/use.html
=610  20$aVilla Aurelia (Rome, Italy)$911524480
=610  20$aAmerican Academy in Rome$xBuildings
=610  20$aCasino Farnese (Rome, Italy)$xHistory.
=650  \0$aArchitecture$y17th century$zItaly$zRome
=650  \0$aLandscape gardening.$912394275
=651  \0$aJaniculum (Italy)$912401628
=651  \0$aRome (Italy)$xBuildings, structures, etc.$912405938
=655  \7$aPhotographic prints$y1880-1910.$2gmgpc
=662  \\$aItaly$bLazio$dRome$2tgn
=710  2\$aAmerican Academy in Rome$912378923
=856  41$zAAR Photographic Archive Digital Collection$uhttp://photoarchive.aarome.org/index/index/tsk/mass
=907  \\$a.b1603272x$b10-04-13$c15-11-11
=942  \\$cVMPHOTO$00
=998  \\$aa$b29-01-07$cm$dk$e-$fund$git $h0$i0
=999  \\$c130004$d130004
=952  \\$00$10$2gen$40$6AARBPROMEVAURELIA34VP$70$9129962$aAAROME$bAAROME$cphoto$d2011-11-15$g0.00$oAAR.BP.Rome.VAurelia.34VP$p0129962$r2013-08-12$v0.00$w2013-08-12$yVMPHOTO
=952  \\$00$10$2gen$40$6AARBPROMEVAURELIA34VPVERSO$70$9129969$aAAROME$bAAROME$cphoto$d2011-11-17$g0.00$oAAR.BP.Rome.VAurelia.34VP.verso$p0129969$r2013-08-12$v0.00$w2013-08-12$yVMPHOTO

