=LDR  01183nkm a2200253 a 4500
=001  130009
=008  021203s1911\\\\it\\\\\\\\\\\\\\\0knund\\
=039  \\$a10946970
=040  \\$aItRAAR
=245  00$a[Villa Aurelia (Rome, Italy), general view from South]$h[graphic]
=260  \\$c1911.
=300  \\$a1 photographic print :$bblack/white ;$c18 x 13 cm.
=500  \\$aPart of: American Academy in Rome Buildings Collection.
=500  \\$aTitle and date from verso.
=540  \\$aPublication restricted (AAR copyright)$uhttp://photoarchive.aarome.org/index/rights.html
=506  \\$aClosed access material (Archive)$uhttp://photoarchive.aarome.org/index/use.html
=610  20$aAmerican Academy in Rome$xBuildings
=610  20$aVilla Aurelia (Rome, Italy)$911524480
=856  41$zAAR Photographic Archive Digital Collection$uhttp://photoarchive.aarome.org/index/index/tsk/mass
=907  \\$a.b16032779$b14-02-13$c15-11-11
=942  \\$cVMPHOTO$00
=998  \\$aa$b29-01-07$cm$dk$e-$fund$git $h0$i0
=999  \\$c130009$d130009
=952  \\$00$10$2gen$40$6AARBPROMEVAURELIA7$70$9129967$aAAROME$bAAROME$cphoto$d2011-11-15$g0.00$oAAR.BP.Rome.VAurelia.7$p0129967$r2013-08-12$v0.00$w2013-08-12$yVMPHOTO

