=LDR  01908nkc a2200385 a 4500
=001  130237
=008  021113i19121914it\\\\\\\\\\\\\\\0knund\\
=039  \\$a10944539
=040  \\$aItRAAR
=245  00$a[McKim, Mead & White building (Rome, Italy) under construction]$h[graphic]
=260  \\$c[between 1912 and 1914]
=300  \\$a1 album (89 vintage prints) :$bblack/white ;$c9 x 15 cm.
=500  \\$aPart of: American Academy in Rome Buildings Collection.
=500  \\$aArchitects: McKim Mead & White.
=515  \\$aIn the album the missing photographs are: nn. from 1 to 5, 29 and 30.
=520  \\$aThe succession of photographic prints shows the main building to be under construction from Aug. 7th 1912 to April 23rd 1914.
=540  \\$aPublication restricted (AAR copyright)$uhttp://photoarchive.aarome.org/index/rights.html
=506  \\$aClosed access material (Archive)$uhttp://photoarchive.aarome.org/index/use.html
=600  10$aMcKim, Charles Follen,$d1847-1909$912382359
=610  20$aAmerican Academy in Rome$xBuildings
=610  24$aMcKim, Mead & White.$912382015
=650  \0$aArchitecture$y20th century$zItaly
=650  \0$aLandscape gardening.$912394275
=651  \0$aJaniculum (Italy)$912401628
=651  \0$aRome (Italy)$xBuildings, structures, etc.$y20th century
=655  \7$aPhotographic prints$y1910-1920.$2gmgpc
=662  \\$aItaly$bLazio$dRome$2tgn
=710  2\$aAmerican Academy in Rome$912378923
=710  2\$aMcKim, Mead & White$912382015
=856  41$zAAR Photographic Archive Digital Collection$uhttp://photoarchive.aarome.org/index/index/tsk/mass
=907  \\$a.b12900850$b10-04-13$c30-01-07
=942  \\$cERESONLINE$00
=998  \\$aa$b29-01-07$cm$dm$e-$fund$git $h0$i2
=999  \\$c130237$d130237
=952  \\$00$10$2gen$40$6AARBPROMEMMWALBUM$70$9101932$aAAROME$bAAROME$cphoto$d2007-02-01$g0.00$oAAR.BP.Rome.MMW.Album$p0101932$r2013-08-12$v0.00$w2013-08-12$yVMPHOTO

